3800 5642
451 713 514 777 172
912 731 1102 775 accuremus

448 857 527 920 dam
542 863 681 943 puteum
698 854 832 942 jactari,
859 877 962 943 seque
984 854 1106 918 exinde
1125 853 1248 941 raptim
1270 852 1329 917 ubi
1355 854 1398 919 ad
1424 855 1579 919 medium

447 957 521 1043 ejus
529 957 666 1021 devenit
685 958 768 1037 erui,
788 979 827 1020 ac
843 979 944 1043 super
962 979 1019 1020 eos
1045 954 1179 1021 deferri.
1198 954 1307 1033 Quam
1336 956 1427 1020 idem
1446 956 1581 1021 inimici

446 1059 570 1123 iterum
590 1066 725 1145 captare
740 1058 913 1139 volebant,
933 1059 994 1123 sed
1009 1058 1228 1123 advenientes
1246 1058 1312 1122 duo
1327 1059 1493 1147 praeclari
1510 1059 1582 1123 cle-

447 1160 508 1225 rici
533 1183 608 1224 earn
628 1160 750 1224 exinde
771 1159 978 1240 auferebant,
1002 1167 1036 1225 et
1064 1160 1099 1223 in
1123 1161 1293 1246 quendam
1309 1160 1582 1247 pulcherrimum

448 1262 573 1344 locum,
601 1262 747 1326 inimicis
772 1262 1043 1349 insequentibus,
1073 1261 1309 1348 deportabant,
1343 1286 1487 1350 eamque
1508 1286 1581 1327 non

448 1364 576 1450 eripere
594 1364 636 1428 de
658 1364 815 1428 manibus
842 1364 1120 1451 persequentium
1144 1371 1313 1451 poterant,
1336 1388 1414 1429 cum
1439 1388 1515 1429 eam
1543 1364 1580 1428 in

448 1468 594 1555 quodam
622 1466 747 1531 lectulo
776 1466 893 1530 stratis
920 1467 1188 1553 cooperuissent.
1221 1468 1347 1532 Hostes
1381 1467 1473 1531 enim
1500 1489 1579 1531 eam

449 1568 650 1655 accipientes
665 1569 700 1631 in
719 1568 891 1654 quandam
911 1570 1034 1632 vallem
1057 1568 1358 1656 profundissimam
1378 1569 1580 1634 detulerunt

447 1670 505 1735 ubi
522 1694 595 1734 eam
614 1670 781 1756 dejicerefl
799 1671 971 1751 volebant,
992 1671 1051 1735 sed
1072 1694 1139 1735 non
1158 1679 1326 1758 poterant,
1342 1672 1578 1757 Reportarunt

448 1781 561 1838 autem
574 1796 649 1836 eam
661 1773 704 1836 ad
718 1774 887 1861 quandam
903 1797 1027 1860 aquam
1039 1774 1233 1854 maximam,
1250 1772 1308 1837 ubi
1319 1774 1462 1838 eandem
1478 1772 1578 1837 visib

447 1883 527 1939 sunt
545 1875 737 1961 projecisse.
756 1873 873 1952 Quae⁶
892 1876 979 1939 vidit
1007 1899 1130 1963 aquam
1160 1875 1269 1963 ipsam
1301 1899 1380 1939 mox
1403 1876 1524 1957 dividi,
1545 1883 1580 1941 et

447 1977 592 2041 inimicis
626 1977 876 2065 disparentibus
907 2000 942 2040 se
980 1977 1120 2042 licenter
1157 1978 1287 2064 egredi3
1316 1978 1351 2041 in
1387 1978 1463 2065 ipso
1495 2001 1580 2043 vero

448 2102 597 2166 egressu,
619 2079 797 2144 videbatur
816 2079 910 2144 canis
928 2080 1091 2144 candidus
1112 2080 1221 2144 eidem
1241 2080 1443 2168 adgaudere,
1473 2103 1580 2168 quem

446 2189 560 2245 tamen
590 2181 647 2244 illa
673 2182 797 2247 timens
825 2182 1030 2268 pertransiit,
1058 2189 1093 2246 et
1126 2182 1169 2246 ad
1195 2182 1365 2270 quendam
1398 2184 1515 2246 locum
1541 2183 1579 2247 in

447 2284 596 2348 medium
613 2284 804 2351 decentium
830 2285 1029 2348 clericorum
1049 2284 1196 2367 devenit,
1221 2284 1278 2373 qui
1301 2307 1375 2348 eam
1401 2291 1581 2369 gratanter

446 2387 669 2473 excipiebant,
688 2394 722 2450 et
740 2394 858 2472 potum
879 2387 909 2451 ei
929 2387 962 2449 in
988 2410 1067 2450 vase
1085 2387 1314 2472 pulcherrimo
1335 2386 1431 2475 quasi
1450 2409 1581 2473 aquam

448 2487 671 2552 clarissimam
690 2488 887 2552 offerebant.

493 2591 578 2654 Item
591 2590 656 2653 alia
670 2598 767 2655 nocte
777 2591 862 2654 vidit
877 2590 1064 2676 quattuor‘l
1084 2591 1265 2655 daemones
1276 2602 1288 2631 ‘³
1297 2589 1354 2654 ubi
1375 2596 1446 2654 erat
1463 2590 1582 2675 ingre-

447 2692 592 2771 dientes
631 2715 716 2778 quos
752 2692 849 2756 valde
887 2693 1012 2773 timuit,
1048 2701 1082 2758 et
1115 2716 1192 2757 cum
1222 2716 1257 2757 se
1300 2693 1433 2779 signare
1471 2692 1582 2757 vellet

447 2818 535 2858 unus
571 2806 686 2857 corum
710 2795 808 2881 quasi
826 2795 988 2859 minitans
1005 2795 1218 2882 prohibebat,
1240 2795 1356 2859 dicens
1388 2794 1481 2883 quod
1512 2794 1581 2858 hoc

447 2919 535 2960 anno
570 2919 686 2959 eorum
715 2896 849 2961 adhucs
871 2921 1013 2983 regnum
1045 2896 1142 2961 foret.
1168 2897 1261 2961 Vidit
1280 2897 1382 2962 etiam
1417 2903 1581 2960 sanetum

448 2998 641 3085 Remigium
684 3006 717 3062 et
763 3006 917 3063 sanctum
965 2999 1187 3064 Lantbertum
1231 3023 1308 3063 cum
1355 2997 1579 3063 multitudine

447 3099 659 3164 albatorum⁹
685 3102 882 3165 clericorum
908 3102 1013 3166 libros
1041 3102 1229 3166 tenentium
1245 3108 1278 3165 et
1303 3100 1447 3188 pedibus
1474 3100 1579 3164 nudis

446 3203 692 3282 assistentium,
744 3203 831 3269 inter
871 3227 957 3290 quos
1001 3204 1086 3269 vidit
1128 3203 1311 3267 Artoldum
1361 3202 1577 3290 episcopum.

448 3306 591 3367 Beatum
618 3329 699 3369 vero
731 3306 924 3389 Remigium
945 3306 1075 3370 audivit
1097 3306 1263 3370 dicentem
1291 3329 1368 3370 eum
1394 3304 1580 3369 maeroreh

446 3408 538 3493 quod
549 3408 707 3471 Francioa
718 3415 805 3472 terra
817 3409 971 3472 decorem
983 3416 1016 3473 et
1026 3416 1228 3495 potestatem
1245 3431 1340 3472 suam
1356 3406 1576 3493 perdidisset,

448 3509 513 3572 nisi
529 3510 732 3595 generaliter
749 3511 867 3597 populi
890 3511 1021 3575 Deumi
1041 3511 1321 3598 depraecarentur
1334 3509 1360 3589 l,
1378 3507 1580 3595 jejunantes

446 3611 548 3675 certis
568 3611 658 3675 feriis
680 3620 713 3676 ct
742 3614 803 3676 Dei
826 3613 1118 3676 misericordiamt
1137 3612 1368 3699 implorantes.
1391 3610 1579 3675 Artoldum

448 3736 527 3777 vero
546 3715 735 3798 praesulem
759 3715 946 3801 increpavit
966 3715 1055 3801 quod
1073 3716 1143 3778 Deo
1164 3714 1289 3778 servire
1317 3712 1493 3778 debuisset
1517 3714 1579 3801 qui

447 3816 481 3878 in
491 3823 560 3879 tam
570 3838 732 3901 magnum
743 3816 930 3902 periculum
939 3818 1114 3882 introisset
1124 3839 1131 3897 3
1142 3817 1184 3881 ad
1195 3840 1296 3903 quam
1308 3815 1579 3902 increpationem

447 3917 519 4002 ipse
535 3917 668 4003 praesul
687 3917 775 3982 foras
791 3942 947 4005 egressus
968 3926 1031 3998 est,
1052 3926 1085 3982 et
1105 3918 1146 3983 ab
1163 3920 1242 4004 igne
1253 3918 1386 3983 absumi
1396 3917 1493 3981 visus
1508 3925 1575 3983 est.

447 4018 577 4083 Deinde
604 4018 741 4083 beatum
778 4021 971 4106 Remigium
1005 4020 1278 4108 conquirenteml
1309 4043 1386 4085 cum
1417 4020 1579 4084 ceterisr

447 4120 588 4200 audivit,
615 4121 697 4209 quid
721 4123 840 4187 Franci
868 4123 908 4186 de
934 4147 995 4186 suo
1022 4146 1099 4209 rege
1127 4121 1233 4187 facere
1262 4122 1401 4202 vellent,
1428 4121 1488 4209 qui
1516 4145 1581 4209 per

478 4302 502 4364 a)
516 4303 670 4362 defcerc,A.
680 4331 710 4337 -
722 4303 738 4350 b
760 4304 819 4360 nisi,
830 4302 871 4350 e'd.
886 4303 993 4351 Pithou.
1006 4308 1067 4365 —c)
1082 4303 1147 4365 Quq,
1162 4304 1193 4351 Α.
1205 4331 1235 4339 -
1247 4302 1405 4365 dlqnatuor,
1419 4301 1461 4350 e‘d.
1475 4303 1580 4360 Pithon

446 4372 504 4426 —eJ
513 4366 650 4426 dqmoncs,
660 4367 677 4411 A
685 4403 689 4411 .
698 4393 727 4399 —
753 4365 1011 4424 turlhui=eorunr,ed.
1020 4364 1422 4429 Pithou.-qlubbatorun1,dd.
1432 4364 1536 4413 Pithou
1549 4395 1581 4403 -

447 4426 472 4486 b)
486 4442 598 4482 merore,
614 4427 821 4486 A,111‹131·01·c,e'd
846 4425 955 4475 Pithou.
968 4455 999 4461 —
1012 4427 1185 4490 ildeminum,
1198 4427 1238 4475 ed.
1253 4427 1360 4475 Pithou.
1371 4425 1435 4489 -jl
1445 4428 1582 4490 depreca-

446 4490 548 4545 rentur,
567 4489 599 4535 e'd
631 4489 738 4537 Pithou.
758 4516 788 4523 -
804 4490 829 4550 k)
851 4490 1038 4536 misecordiam
1057 4488 1125 4551 (sic),
1142 4491 1173 4538 A.
1194 4517 1225 4525 -
1248 4488 1265 4553 l)
1288 4491 1513 4552 conquerentem,
1535 4490 1581 4541 ed.

447 4548 554 4598 Pithou.
563 4579 594 4586 —
607 4554 643 4612 m)
657 4552 772 4609 caeteris,
785 4550 827 4599 e'd.
838 4550 945 4598 Pithou.
