3800 5642
386 646 450 711 400
748 664 891 708 ananius
915 664 956 706 ou
980 661 1148 707 rnoncano
1448 642 1512 709 946

386 788 502 853 abbati
518 787 716 851 monasterii
728 786 844 852 Sancti
853 784 1033 848 Maximini
1044 784 1068 864 ¹,
1082 785 1210 849 nolenti
1219 792 1319 872 atque
1332 784 1514 873 refugienti

386 891 491 970 dedit,
521 913 666 978 eumque
692 888 839 953 ordinari
868 887 969 951 secitz
998 887 1206 973 episcopum,
1238 896 1272 952 et
1307 889 1352 952 ita'
1387 898 1515 953 remeat

386 1001 479 1058 trans
500 992 658 1057 Rhenum
673 1003 698 1056 ἃ.
1475 1052 1479 1058 .

433 1096 471 1159 ln
508 1117 597 1182 pago
638 1092 877 1171 parisiacensi,
918 1114 1051 1155 necnon
1087 1092 1189 1156 etiam
1234 1115 1293 1179 per
1332 1092 1515 1157 diversosb

387 1199 648 1285 circumquaque
684 1218 801 1283 pagos
828 1194 1028 1258 hominum⁶
1056 1194 1189 1259 diversa
1214 1194 1394 1259 membrad
1426 1195 1516 1279 ignis

386 1299 486 1389 plaga
513 1299 767 1386 pervaduntur3
796 1288 975 1385 quaeque⁶
1009 1296 1161 1360 sensims
1190 1305 1307 1362 exusta
1335 1321 1514 1362 consume-

386 1402 523 1481 bantur,
545 1401 652 1465 donec
669 1423 761 1465 mors
781 1401 920 1464 tandem
936 1398 1050 1463 finiret
1070 1399 1245 1485 supplicia.
1270 1400 1423 1478 Quorum
1443 1401 1515 1487 qui-

388 1505 479 1583 dam,
509 1503 672 1568 nonnulla
698 1509 918 1566 sanctoruma
947 1503 1020 1565 loca
1057 1509 1224 1587 petentes,
1253 1502 1414 1566 evasere'l
1448 1509 1515 1565 tor-

390 1613 524 1686 menta;
545 1605 659 1692 plures
687 1612 801 1668 tamen
821 1603 972 1667 Parisius
994 1604 1028 1667 in
1054 1602 1236 1682 aecclesiai
1265 1605 1431 1670 SanctaeJ'
1455 1605 1515 1667 Dei

389 1708 563 1795 genitricis
587 1705 759 1772 Mariael2
785 1706 911 1769 sanatil
931 1714 1011 1770 sunt
1022 1718 1057 1786 m,
1079 1707 1163 1770 adeo
1193 1714 1232 1771 ut
1248 1714 1416 1794 quotquot
1433 1708 1515 1771 illon

389 1810 564 1898 pervenire
583 1809 786 1896 potuerint0,
808 1816 1004 1872 asserantur
1017 1808 1059 1872 ab
1076 1810 1139 1872 hac
1155 1817 1250 1895 peste
1270 1808 1412 1887 salvati3
1431 1833 1515 1895 quos

391 1913 492 2000 Hugo
519 1935 652 2000 quoque
683 1911 753 1975 dux
784 1911 963 1997 stipendiis
989 1911 1100 1975 aluitP
1128 1912 1357 1976 cotidianisass.
1386 1912 1514 1975 Horum

391 2016 473 2079 dum
495 2014 633 2101 quidam
660 2012 789 2077 vellent
816 2013 859 2076 ad
884 2014 1019 2099 propria
1051 2013 1171 2094 redire,
1207 2014 1380 2078 extinctor
1412 2015 1514 2078 reser-

391 2123 534 2181 vescunt
552 2116 708 2181 incendio
728 2115 940 2203 regressique
955 2117 999 2180 ad
1017 2116 1219 2181 ecclesiam⁸
1239 2116 1438 2182 liberantur.

925 2425 984 2490 NF

314 2686 365 2737 946
439 2673 540 2735 Anno
562 2673 760 2736 nccccxnvri.
783 2669 928 2748 Quidam
952 2679 1065 2736 motus
1090 2672 1177 2737 inter
1203 2673 1321 2736 filiosu
1349 2674 1517 2739 Heriberti

398 2774 555 2838 comitisv
577 2774 749 2860 agitantur
767 2797 827 2859 pro
849 2774 1074 2838 hereditatum
1097 2774 1333 2839 distributione
1360 2798 1514 2856 suarum,

399 2877 457 2963 qui
477 2883 602 2956 tamen,
619 2876 762 2962 Hugone
776 2876 927 2963 principe
944 2875 1138 2941 avunculooe
1150 2877 1300 2963 ipsorum
1311 2877 1323 2922 4
1334 2878 1515 2958 mediante,

398 2985 602 3065 parentare,
633 2978 752 3042 divisis
781 2977 856 3057 sibi,
884 2986 984 3066 prout
1012 2980 1062 3043 eis
1092 2986 1286 3065 competens
1315 2980 1428 3044 visum
1455 2990 1515 3060 est,

393 3068 531 3131 rebus-³³.
573 3067 674 3153 Hugo
713 3090 772 3131 rex
812 3067 948 3132 ltaliae²
981 3091 1000 3131 a
1033 3068 1103 3131 suis
1138 3068 1173 3131 in
1214 3091 1356 3154 regnum
1399 3070 1517 3158 recipi-

424 3254 448 3313 z]
470 3252 525 3300 scut
539 3252 607 3312 (sic),
626 3253 656 3300 Ε.
675 3280 705 3288 -
717 3254 742 3313 a)
757 3253 870 3313 Renum,
884 3253 914 3313 Β,
928 3254 959 3301 Ε.
971 3281 1000 3289 -
1014 3252 1040 3313 b)
1058 3254 1189 3313 diversas,
1203 3268 1273 3302 corr.
1289 3270 1322 3302 en
1340 3256 1472 3315 diversos,
1487 3258 1516 3314 A,

390 3316 509 3374 divisos
526 3316 556 3375 Β,
577 3315 604 3372 C,
624 3315 655 3376 D,
673 3316 795 3374 divusos,
809 3315 839 3363 E.
851 3342 881 3350 —
894 3317 917 3378 c)
936 3316 1103 3363 homininum
1117 3315 1185 3377 (sic),
1198 3316 1225 3364 C.
1239 3345 1270 3352 —
1280 3318 1307 3378 d)
1321 3320 1434 3366 menbra
1446 3320 1476 3367 E.
1490 3346 1517 3354 -

392 3381 415 3438 e)
430 3393 546 3439 queque,
561 3379 593 3436 A,
608 3379 638 3438 D,
650 3392 766 3439 queque,
779 3378 807 3437 C,
822 3378 853 3436 D,
867 3378 897 3425 E.
911 3404 940 3413 -
951 3377 974 3439 Ι)
988 3379 1076 3438 Deest,
1095 3379 1127 3436 A,
1142 3379 1259 3438 semsim,
1275 3379 1303 3439 G,
1314 3381 1345 3428 E.
1360 3408 1390 3415 -
1403 3388 1431 3445 9)
1444 3396 1518 3429 sanc-

393 3445 462 3499 tum,
478 3440 511 3487 F.
529 3467 558 3475 -
578 3440 605 3501 h)
623 3441 741 3487 evasere.
761 3467 791 3474 -
809 3439 827 3502 i)
846 3441 969 3501 ecclesia,
988 3443 1020 3497 A,
1039 3440 1161 3498 ecclesia,
1183 3442 1213 3487 D.
1232 3468 1262 3476 —
1276 3441 1301 3504 j)
1320 3454 1419 3505 sancte,
1443 3446 1474 3490 A.
1491 3470 1517 3478 -

391 3503 418 3562 lo
437 3502 545 3560 Maniai,
557 3502 590 3549 A.
602 3530 632 3537 —
644 3502 662 3564 l)
674 3506 775 3562 sancte,
790 3503 820 3560 Β,
836 3502 868 3560 C,
881 3503 992 3558 sanatis,
1006 3503 1036 3550 E.
1047 3530 1078 3537 -
1096 3503 1131 3564 m)
1145 3503 1232 3562 Deest,
1251 3504 1280 3551 E.
1297 3532 1328 3539 -
1340 3505 1366 3566 n)
1381 3506 1436 3565 illd,
1450 3507 1476 3554 C.
1490 3532 1517 3540 -

390 3565 415 3624 o]
433 3566 590 3625 potuerunt,
602 3565 704 3626 A.-p)
717 3564 793 3624 aliut,
803 3565 833 3613 Ε.
841 3564 904 3627 -q)
912 3565 1086 3626 quotidianis,
1097 3566 1196 3627 A.-r)
1206 3566 1319 3627 extinto,
1333 3567 1428 3626 B.—s)
1438 3568 1519 3628 eccle-

393 3627 471 3685 siam,
486 3627 519 3685 A,
535 3626 562 3687 C,
579 3627 729 3684 ecclesiam,
745 3627 773 3673 Β.
788 3654 818 3661 -
832 3628 851 3686 t)
867 3627 1066 3688 nongentisimo
1080 3628 1285 3688 quadragesimo
1303 3632 1390 3690 sexto,
1406 3630 1434 3690 C,
1451 3630 1479 3677 D.
1491 3656 1518 3664 —

391 3695 419 3748 u)
438 3687 509 3748 filiis,
525 3688 553 3748 C,
565 3688 595 3736 E.
607 3716 637 3723 -
649 3691 674 3749 o)
691 3689 779 3748 Deest,
795 3690 823 3748 C,
835 3689 867 3746 D,
883 3689 914 3736 Ε.
926 3716 956 3723 -
968 3689 996 3751 a)
1007 3689 1160 3750 avumculo,
1172 3690 1203 3738 D.
1213 3718 1243 3724 —
1253 3692 1281 3755 y)
1295 3696 1434 3753 parantur,
1449 3707 1516 3740 corr.

390 3765 424 3797 en
439 3752 577 3811 pacantur,
592 3750 620 3797 C.
633 3778 663 3786 —
674 3752 697 3812 z)
711 3751 794 3812 ltalie,
810 3752 841 3808 A,
853 3751 883 3798 B.

428 4003 450 4044 l.
470 3998 689 4046 Saint-Maximin
700 4000 733 4046 dc
747 4000 857 4047 Treves.

421 4066 449 4107 2.
471 4061 654 4109 Notre-Dame
668 4063 700 4109 de
714 4063 797 4109 Paris.

424 4127 446 4169 3.
467 4123 537 4185 Voy.
550 4122 678 4184 Feiibicn,
692 4123 761 4173 Hist.
776 4124 808 4172 dc
819 4124 906 4185 Paris,
919 4125 938 4184 Ι,
952 4129 996 4170 117
1012 4139 1018 4184 ;
1035 4126 1202 4186 Hennebert,
1215 4127 1263 4174 Les
1277 4130 1376 4177 comtes
1390 4129 1422 4177 dc
1433 4128 1517 4187 Paris,

423 4249 446 4293 A.
473 4247 586 4308 Hugues
606 4248 630 4295 le
650 4248 740 4295 Grand
756 4249 822 4296 e'tait
841 4248 993 4297 beau-frere
1013 4248 1160 4298 d'Herbert
1177 4250 1201 4297 ΙΙ
1217 4252 1261 4313 qui
1280 4252 1354 4301 avait
1373 4252 1475 4315 c'pousd
1492 4267 1518 4300 sa

389 4323 473 4356 soeur
487 4310 678 4370 (Hildebrantc
688 4313 719 4371 ⁶3).
734 4312 804 4373 Voy.
821 4310 900 4357 iouis
912 4310 1101 4372 d’Outre-Mer,
1116 4328 1140 4374 p.
1155 4317 1208 4360 304.

423 4376 445 4417 5.
473 4372 628 4433 Rappelons
650 4373 821 4420 brievement
843 4375 980 4421 comment
998 4374 1038 4422 sut
1053 4376 1117 4422 faite
1138 4375 1163 4422 la
1182 4376 1299 4423 division
1317 4377 1364 4424 des
1383 4378 1518 4430 domaines

387 4432 443 4478 (ΓΗ
453 4434 546 4481 erbert
563 4435 774 4483 11:Albe1·teut
788 4435 812 4481 lc
826 4436 914 4483 comte
934 4436 967 4483 de
985 4436 1175 4496 Vermandois,
1192 4438 1304 4497 Robert,
1318 4439 1357 4487 les
1369 4441 1473 4488 comtes
1489 4441 1518 4486 de

387 4494 410 4541 'l
413 4508 444 4541 ro
453 4510 503 4558 yes
519 4497 547 4542 et
564 4497 596 4544 dc
615 4497 722 4558 Meaux,
739 4496 856 4560 premier
874 4512 962 4560 noyau
979 4498 1015 4544 du
1035 4499 1124 4546 comte
1144 4500 1176 4547 de
1194 4500 1374 4563 Champagne,
1394 4502 1510 4551 Herbert
