3800 5642
844 689 1034 733 Arrnumcas
1435 667 1498 732 219

372 813 502 900 judicio
527 812 683 898 synodali
704 811 871 898 deposuit.
895 811 1023 875 Eodem
1041 811 1142 873 etiam
1163 833 1252 873 anno
1273 809 1461 873 Vulfaudus
1475 811 1496 892 ¹,

376 914 481 979 abbas
503 914 663 978 ecclesiae
683 914 792 977 sancti
813 912 988 976 Benedicti
1009 913 1034 974 F
1038 912 1244 990 loriacensis,
1263 912 1379 997 presul
1398 912 1499 975 effici-

376 1024 432 1080 tur
446 1016 678 1080 Carnotensis.
704 1015 810 1102 Cujus
827 1015 889 1077 viri
903 1007 1113 1100 temporibus
1128 1012 1253 1077 Mabbo
1271 1014 1407 1101 quidam
1427 1015 1500 1077 Bri-

374 1129 557 1206 ¹tannorum
572 1118 750 1205 episcopus
774 1117 962 1180 beatissimi
973 1116 1176 1180 confessoris
1192 1124 1226 1179 et
1238 1117 1383 1202 presulis
1402 1116 1499 1180 Pauli

376 1244 498 1306 corpus
523 1245 540 1283 a
565 1221 736 1283 Britannia
760 1220 802 1282 ad
823 1219 1034 1282 Floriacense
1066 1219 1187 1282 detulit
1211 1219 1390 1281 cenobium
1422 1241 1498 1281 cum

375 1323 494 1386 multis
510 1323 729 1387 ornamentis,

353 1471 358 1480 ·
425 1426 589 1511 Sequenti
620 1448 699 1488 vero
733 1448 832 1513 anno,
863 1424 1137 1487 Normannorum
1171 1446 1285 1486 comes
1310 1422 1499 1486 Richardus
1536 1422 1540 1428 ’

314 1560 335 1579 ·»
372 1528 598 1614 depopulatus
621 1536 673 1591 est
698 1527 941 1591 Carnotensem
967 1534 1000 1589 et
1026 1528 1222 1589 Dunensem
1249 1535 1372 1589 terram
1398 1547 1499 1610 super

335 1649 340 1658 ·
373 1630 532 1693 comitem
551 1629 763 1693 Tetbaldum.
786 1629 971 1692 Tetbaldus
995 1651 1128 1715 quoque
1151 1629 1398 1691 Normannrcos
1414 1629 1498 1690 lines

373 1733 560 1818 ingressus
588 1730 867 1794 Ebroicacensem
895 1731 984 1818 cepit
1009 1731 1193 1793 civitatem.
1225 1731 1291 1794 Sed
1314 1730 1394 1792 duni
1420 1730 1497 1792 inde

373 1835 564 1910 revertitur,
592 1833 778 1895 Richardus
805 1839 1012 1896 transmeato
1035 1855 1134 1895 amne
1151 1832 1191 1894 ad
1220 1855 1314 1895 casas
1337 1832 1499 1894 Hermen-

370 1935 481 1999 trudis
502 1936 536 1997 iu
559 1942 658 2020 portu
672 1935 821 1998 fluminis
839 1935 1006 1998 Seccanae
1018 1957 1205 2020 supereum
1221 1935 1329 2008 irruit,
1348 1941 1380 1997 et
1401 1957 1498 2019 supe-

315 2057 317 2062 ·
372 2045 484 2101 ratum
497 2038 537 2100 de
550 2045 640 2100 terra
655 2060 715 2099 sua
731 2037 904 2120 effugavit.
920 2036 1064 2099 Demum
1081 2059 1215 2122 quoque
1230 2038 1357 2113 Danos,
1368 2035 1497 2098 Alanos
1517 2093 1520 2097 ,

370 2147 405 2203 et
432 2140 549 2202 Deiros
578 2137 641 2201 sibi
680 2139 714 2201 in
745 2139 908 2202 auxilium
943 2138 1127 2217 advocans,
1166 2140 1296 2201 tamdiu
1327 2138 1494 2224 prefatum

372 2240 556 2305 debellavit
572 2241 783 2321 Tetbaldum,
797 2240 902 2303 donec
920 2240 992 2326 ipse
1012 2239 1196 2303 Tetbaldus
1216 2240 1496 2304 Bbroicacensem

370 2342 422 2406 illi
442 2343 587 2407 reddidit
607 2344 791 2406 civitatem.
811 2342 942 2419 Quibus
958 2343 1112 2427 patratiS,
1136 2341 1304 2406 barbaria
1327 2342 1495 2406 Richardo

372 2445 456 2509 bene
471 2446 687 2523 remunerati,
705 2444 822 2508 relicta
836 2443 959 2524 Gallia,
979 2446 1106 2507 reversi
1122 2445 1257 2508 suntad
1274 2446 1419 2530 propria.

405 2756 426 2798 t.
445 2750 485 2798 Cf.
501 2749 731 2797 Hisf.Fr·ancor.:
758 2770 768 2791 «
793 2750 827 2796 Et
851 2751 947 2796 eodem
972 2764 1043 2796 anno
1067 2750 1208 2807 Vutfadus,
1228 2750 1312 2797 abbas
1337 2752 1495 2798 monasterii

372 2812 465 2860 Sancti
477 2813 619 2860 Benedicti
633 2812 823 2865 Floriacensis,
832 2813 921 2871 presul
933 2811 1053 2859 efficitur
1066 2812 1331 2860 urbisCarnoteusis.
1345 2814 1410 2861 Erat
1423 2814 1494 2860 enim

372 2876 415 2921 vir
427 2879 554 2922 strenuus
574 2879 601 2923 et
622 2875 846 2936 sapientissimus.
866 2874 917 2920 llic
941 2874 1013 2920 enim
1028 2875 1199 2922 Floriaccnse
1213 2877 1410 2922 monasterium
1423 2877 1495 2922 vallo

372 2937 491 2984 munivit
504 2939 531 2984 et
542 2951 628 2984 muro.

403 2994 490 3060 Hujus
504 2999 585 3046 etiam
600 2998 769 3059 temporibus
780 2997 1084 3056 Mulbo,Britannorum
1099 3000 1292 3060 episcopusex
1307 3000 1408 3060 oppido
1421 2999 1494 3060 quod

371 3059 463 3108 Sancti
478 3060 553 3107 Pauli
567 3061 668 3108 dicitur
683 3074 781 3120 corpus
797 3060 918 3120 ejusdem
933 3061 1048 3122 presulis
1062 3063 1133 3108 santi
1148 3062 1222 3108 Pauli
1237 3076 1327 3107 secum
1343 3062 1376 3107 ad
1395 3061 1495 3108 Floria-

371 3137 451 3170 cense
462 3123 561 3170 detulit
571 3122 715 3169 cenobium
724 3138 784 3169 cum
799 3123 891 3168 multis
905 3124 1082 3179 ornamentis,
1098 3127 1125 3169 ct
1138 3124 1282 3172 Osvaldus.
1295 3137 1379 3182 nepos
1391 3122 1495 3168 Odonis

371 3184 579 3247 Cantuariorum
588 3185 737 3246 pontificis,
745 3186 772 3230 in
783 3185 877 3231 eodem
889 3191 984 3231 sancto
993 3186 1153 3231 monachum
1165 3187 1304 3245 professus
1316 3190 1357 3232 est
1368 3183 1492 3231 cenobio.

372 3245 425 3293 Sed
438 3247 501 3294 inde
514 3248 622 3294 demum
636 3247 797 3307 adsumptus
810 3251 837 3293 et
851 3248 883 3293 ad
897 3247 1020 3293 nativum
1034 3248 1121 3293 solum
1136 3252 1289 3304 revocatus,
1303 3246 1418 3293 Eboraci
1432 3261 1494 3293 con-

374 3311 496 3356 secratus
509 3312 551 3356 est
565 3309 718 3370 episcopus.
743 3308 794 3363 Qui
816 3314 846 3356 ut
866 3309 1050 3367 devotionem,
1065 3324 1145 3370 quarn
1171 3325 1232 3370 erga
1253 3313 1357 3369 patrem
1376 3307 1494 3357 habebat

372 3372 461 3418 animo
476 3371 663 3427 Benedictum,
678 3370 757 3418 sactis
768 3372 936 3428 ostenderet,
952 3372 979 3417 in
992 3372 1081 3417 insula
1094 3372 1138 3417 illa
1152 3371 1295 3418 cenobium
1309 3370 1359 3416 sub
1373 3371 1494 3430 ejusdem

372 3433 480 3480 nomine
493 3433 681 3493 gloriosissimi
694 3434 859 3479 confessoris
880 3435 1043 3488 construxit,
1058 3434 1130 3494 qnod
1151 3434 1314 3480 Ramescuse
1332 3433 1494 3491 nominavit,

371 3499 399 3542 et
412 3495 505 3542 multis
517 3495 715 3542 Floriacensem
729 3497 817 3542 locum
831 3495 954 3543 honestis
968 3495 1125 3542 niuncribus
1137 3496 1325 3556 locupletavit.
1335 3496 1493 3542 Precedenti

372 3557 454 3605 etiam
469 3561 592 3618 tempore
608 3556 658 3603 sub
672 3561 824 3604 memorato
838 3573 899 3619 rege
911 3557 1020 3619 quidam
1033 3558 1156 3617 pontifex
1170 3560 1203 3604 dc
1226 3558 1366 3605 Britannia
1381 3557 1493 3603 veniens

371 3619 414 3666 cui
431 3633 530 3666 nomen
546 3622 605 3666 crat
624 3619 751 3678 Hedrcm,
777 3624 804 3666 et
826 3621 853 3665 in
879 3620 1042 3666 Floriacensi
1068 3620 1127 3666 foco
1153 3620 1331 3666 monachilem
1354 3634 1494 3666 assumens

372 3681 500 3738 tunicam,
512 3696 611 3743 corpus
625 3681 696 3728 beati
711 3681 799 3728 Mauri
813 3683 944 3743 martyris
955 3697 1045 3728 secum
1059 3681 1164 3738 detulit,
1198 3697 1258 3728 ueni
1272 3685 1381 3728 constat
1394 3681 1493 3727 Romae

372 3757 480 3803 passum
490 3743 540 3789 sub
549 3743 672 3790 Celerino
682 3744 813 3804 prefecto,
826 3744 1022 3805 imperantibus
1030 3745 1188 3803 imperatori
1211 3760 1242 3790 us
1251 3744 1353 3790 Karine
1362 3748 1389 3790 ct
1398 3744 1495 3790 Nume-

371 3804 516 3853 rian0.Sed
530 3806 635 3853 etalter
648 3806 878 3853 nichilominusad
893 3808 1006 3853 eundem
1022 3807 1132 3853 veniens
1146 3806 1292 3853 cenobium
1300 3808 1368 3852 Atto
1375 3807 1492 3858 nomine,

371 3871 398 3915 et
408 3881 507 3928 corpus
518 3868 658 3928 cujusdem
672 3869 758 3915 sancti
773 3870 901 3930 martyris
914 3869 1046 3929 Frotgerii
1069 3873 1164 3915 sancto
1185 3883 1276 3915 secum
1294 3867 1395 3915 obtulit
1409 3868 1495 3915 Bene-

370 3929 453 3977 dicto.
469 3929 564 3977 Abbas
576 3945 683 3991 quoque
700 3930 840 3988 Ricardus,
851 3931 896 3992 qui
906 3936 968 3978 ante
977 3931 1122 3978 t'ulfadunr
1137 3931 1301 3978 floriacensi
1314 3931 1415 3991 prefuit
1424 3932 1492 3977 loco.

370 3991 470 4040 adtulit
478 3992 580 4038 ibidem
593 4007 647 4038 non
661 3993 794 4039 modicam
809 3997 919 4040 sanctae
930 3994 1017 4039 crucis
1031 3994 1185 4053 portionem
1203 3998 1229 4040 et
1245 3997 1350 4054 partem
1366 3993 1494 4054 spongiae

370 4068 508 4114 quaeruce
519 4055 676 4114 depositum
689 4055 774 4103 lotum
786 4056 1045 4103 estsacratissimum
1060 4057 1253 4117 corpusnostri
1264 4056 1466 4116 Redemptoris.
1483 4072 1493 4096 1
