3800 5642
389 660 453 723 218
857 680 1046 723 arranmcus

388 803 494 880 victu,
509 800 644 864 obviam
667 801 815 885 perrexit
838 800 993 865 Conrado
1019 802 1293 865 Lothariensium
1321 800 1411 865 duci.
1440 800 1515 863 Dux

333 981 337 988 ι
388 926 468 968 vero
488 903 577 966 inter
595 924 708 986 regem
725 911 759 965 et
772 904 950 989 Hugonem
965 912 1097 968 treucas
1112 904 1226 990 posuit
1243 924 1350 989 usque
1366 902 1409 966 ad
1423 926 1515 965 men·

229 1215 374 1271 Flod.‚951.

229 2639 297 2694 Hugo
309 2639 371 2681 Flav.

230 3257 358 3303 vvssunn

265 3331 341 3379 Gem.

270 3475 345 3521 Fnd.

231 3552 300 3598 Hsst
332 3552 373 3597 Fr

260 3626 361 3673 Senon.

229 3884 299 3940 Hugo
309 3884 371 3927 Flav.

269 3974 342 4025 Fmd

389 1029 460 1069 sem
482 1007 689 1088 Augustum.
712 1005 859 1091 Indeque
886 1029 1041 1070 reversus
1065 1029 1123 1069 rex
1146 1004 1377 1091 LugdovicuS‚
1401 1004 1516 1068 Remis

392 1107 590 1185 revertitur3
612 1106 670 1169 ubi
690 1106 907 1187 Adalbertus‚
928 1108 1018 1171 filius
1036 1108 1169 1172 comitis
1192 1107 1363 1187 Herberti‚
1381 1107 1424 1169 ad
1441 1130 1516 1171 eum

393 1210 545 1286 venienS,
559 1209 665 1294 ipsius
681 1210 850 1272 vassallus
864 1210 1018 1274 efficitur.
1034 1211 1179 1274 Demum
1191 1233 1271 1272 vero
1289 1232 1380 1272 anno
1399 1210 1515 1294 quinto

391 1313 521 1377 decimo
551 1311 646 1395 regni
675 1312 726 1374 sui
758 1312 829 1398 ipse
854 1336 911 1376 rex
940 1313 1156 1399 Lugdovicus
1182 1312 1405 1397 Aquitaniam
1440 1334 1515 1374 oum

390 1415 539 1478 exercitu
563 1414 674 1498 peciit.
706 1414 773 1478 Sed
795 1422 978 1501 antequam
1007 1414 1241 1500 ingrederetur
1261 1438 1347 1490 eam,
1372 1413 1515 1476 Karolus

392 1516 637 1582 Constantinus
657 1516 806 1579 Viennae
833 1518 989 1603 princeps
1012 1524 1046 1580 et
1068 1517 1261 1604 Stephanus
1282 1516 1515 1579 nominatissi-

391 1643 466 1682 mus
486 1619 718 1681 Arvernorum
732 1619 910 1705 episcopus
929 1621 1063 1683 adeum
1085 1620 1272 1698 venienteS,
1296 1617 1348 1682 sui
1367 1617 1515 1681 efficiun-

389 1730 457 1786 tur.
471 1720 675 1783 Guillelmus
686 1721 897 1784 pictavensis
912 1723 1015 1785 etiam
1030 1722 1079 1785 ilii
1095 1722 1229 1785 obviam
1246 1721 1385 1784 renitet
1398 1720 1433 1783 in
1445 1722 1515 1805 ejus

391 1847 426 1886 se
453 1823 616 1885 fidelitate
641 1824 822 1887 commisit.
856 1827 937 1888 Post
962 1825 1024 1887 hec
1049 1847 1182 1911 quoque
1210 1846 1266 1886 rex
1298 1823 1516 1908 Lugdovicus

391 1948 479 1989 anno
515 1925 608 2010 regni
638 1926 690 1987 sui
717 1927 951 2003 decimonono
968 1950 1126 2012 egressus
1155 1950 1171 1989 a
1197 1933 1311 1989 monte
1333 1926 1512 1997 Lauduno,

391 2028 594 2090 Remensem
614 2026 769 2094 veniebat
786 2028 829 2091 ad
848 2029 978 2093 urbem.
1001 2030 1043 2093 Et
1062 2052 1139 2093 ecce
1157 2037 1339 2115 antequam
1359 2028 1403 2091 ad
1423 2031 1515 2090 Axo-

389 2152 467 2193 nam
488 2130 628 2192 fluvium
649 2132 870 2216 pervenisset,
886 2132 1053 2217 'apparuit
1073 2132 1102 2195 ei
1120 2131 1217 2217 quasi
1233 2132 1334 2216 lupus
1358 2130 1515 2216 gradiens

389 2240 466 2295 ante
478 2232 587 2295 illum.
607 2231 715 2307 Quem
731 2256 807 2295 cum
824 2234 1060 2319 insequeretur
1072 2233 1220 2295 admisso
1234 2232 1400 2296 vivaciter
1415 2256 1512 2318 equo,

388 2335 568 2420 prolapsus
603 2336 753 2420 graviter
782 2337 979 2414 conteritur,
1017 2360 1054 2398 ac
1093 2335 1170 2398 inde
1202 2335 1318 2398 Remis
1352 2334 1511 2398 defertur.

390 2436 507 2522 Ibique
532 2437 590 2498 diu
614 2437 751 2521 langore
779 2446 949 2523 protracto
970 2438 1154 2510 decubans,
1177 2437 1359 2501 defunctus
1393 2445 1457 2510 est,
1484 2445 1514 2499 et

389 2540 544 2625 sepultus
560 2539 649 2624 apud
664 2539 827 2603 Sanctum
851 2540 1054 2626 Remigium,
1071 2540 1204 2603 duobus
1221 2538 1337 2602 liberis
1352 2540 1513 2625 supersti-

397 2640 499 2720 tibus
509 2642 667 2705 Lothario
683 2642 810 2705 scilicet
825 2651 858 2705 et
875 2643 1010 2719 Karolo,
1021 2666 1106 2728 quos
1121 2643 1150 2704 ei
1166 2649 1328 2727 genuerat
1345 2641 1513 2726 Gerberga

392 2767 486 2806 soror
502 2737 646 2807 Othonis
662 2744 885 2829 imperatoris.
909 2745 1060 2822 Quorum
1083 2744 1263 2807 Lotharius
1282 2744 1368 2830 patri
1387 2766 1514 2807 succes-

390 2846 444 2916 sit,
465 2846 609 2908 Karolus
622 2870 701 2908 vero
723 2847 876 2931 privatus
893 2848 1016 2910 senuit.

436 2948 616 3011 Lotharius
647 2948 761 3033 igitur,
798 2950 983 3035 Lugdovioi
1016 2949 1116 3023 tilius,
1153 2949 1268 3011 Remis
1301 2949 1343 3011 ab
1374 2948 1513 3030 Artoldo

391 3049 643 3135 archiepiscopo
666 3060 883 3114 consecratus
904 3052 990 3137 patri
1007 3051 1181 3123 successit,
1204 3073 1293 3113 anno
1312 3052 1513 3115 incarnacio-

391 3153 445 3214 nis
466 3152 599 3215 divinae
617 3151 693 3232 954,
719 3161 752 3215 et
775 3154 929 3237 regnavit
950 3153 1189 3239 annisviginti
1212 3161 1246 3216 et
1265 3152 1387 3217 tribus.
1413 3153 1511 3216 Porro

391 3278 479 3318 auno
491 3254 930 3319 incarnacionisdominicae
940 3255 1017 3334 956,
1028 3255 1228 3335 RicharduS,
1239 3254 1330 3317 sdius
1340 3254 1512 3319 Guillelmi

390 3357 554 3442 principis
570 3356 831 3426 Normanorum,
848 3358 951 3420 filiam
970 3358 1125 3442 Hugonis
1140 3358 1234 3420 ducis
1253 3358 1351 3420 duxit
1363 3380 1509 3420 uxorem.

391 3459 517 3521 Eodem
530 3467 643 3522 tamen
659 3482 747 3521 anno
759 3460 1055 3537 memoratusdux,
1069 3461 1168 3544 Hugo
1180 3459 1339 3522 videlicet
1355 3460 1509 3545 Magnus,

392 3569 444 3625 est
463 3560 641 3623 defunctus
660 3570 693 3624 et
705 3563 794 3647 apud
811 3562 974 3626 Sanctum
993 3562 1183 3624 Dionisium
1198 3561 1402 3643 tumulatuS,
1418 3562 1513 3624 relin-

392 3686 500 3748 quens
521 3662 607 3725 filios
628 3672 707 3738 tres
730 3687 815 3749 quos
836 3664 865 3727 ei
881 3672 1043 3750 genuerat
1078 3664 1146 3727 filia
1171 3664 1386 3748 imperatoris
1409 3664 1512 3729 Otho-

391 3765 456 3842 nis
478 3765 668 3849 Hugonem,
692 3765 859 3829 Othonem
870 3773 903 3829 et
917 3766 1111 3829 Henrioum.
1132 3764 1281 3842 Quorum
1302 3766 1404 3853 Hugo
1418 3767 1513 3830 duca·

397 3874 467 3929 tum
501 3867 660 3929 Franciae
697 3867 836 3932 sortitus
866 3877 916 3931 est
951 3876 984 3931 et
1021 3868 1108 3931 Otho
1141 3867 1366 3953 Burgundiae.
1417 3870 1512 3931 Anno

391 3969 532 4054 proinde
566 3969 812 4032 incarnacionis
846 3970 980 4033 divinae
1015 3968 1091 4043 962,
1129 3970 1295 4032 Henrious
1332 3970 1513 4057 imperator

392 4072 535 4134 Romam
553 4094 707 4156 pergens,
722 4071 763 4133 ab
780 4070 1094 4158 Otthavianopapa‚
1110 4072 1165 4158 qui
1180 4071 1328 4157 Agapito
1346 4095 1513 4137 successe-

390 4180 453 4251 rat,
476 4173 642 4257 imperiali
660 4197 782 4236 corona
804 4182 984 4237 coronatus
1002 4182 1064 4237 est.
1076 4174 1202 4236 Verum
1221 4196 1287 4236 non
1308 4176 1419 4239 multo
1439 4183 1512 4261 post

390 4275 569 4337 Romania
597 4298 657 4337 sua
673 4275 751 4337 sede
772 4258 976 4362 depulerunt
1001 4283 1225 4338 memoratum
1245 4298 1369 4362 papam
1394 4277 1512 4341 Ottha-

388 4376 539 4453 vianum,
577 4385 609 4439 et
641 4377 891 4441 substituerunt
911 4378 941 4441 ei
977 4378 1166 4441 dohannem
1195 4378 1378 4463 quendam.
1417 4377 1510 4459 Quod

389 4477 528 4540 audiens
556 4478 738 4564 imperator
769 4480 910 4543 Romam
939 4480 1050 4558 rediit,
1078 4486 1111 4542 et
1134 4479 1301 4565 prefatum
1324 4480 1510 4545 Johannem
