3800 5642
385 679 451 747 923
748 698 891 742 inuitas
915 696 956 740 oe
979 695 1146 741 rnoooano
1468 674 1510 739 Π

386 822 506 901 luerat,
536 820 740 908 infregeresl,
772 818 954 884 eaedibus”
987 824 1021 881 et
1042 818 1119 904 igne
1147 818 1312 884 devastat.
1340 820 1402 884 His
1431 843 1511 887 vero

386 947 464 990 eum
500 923 622 988 rebus⁸
654 923 823 987 intentum
856 921 961 1008 legati
994 920 1121 985 adeunt
1157 920 1441 1002 Lothariensium,
1474 947 1511 987 se

387 1049 515 1114 suaque
550 1026 615 1114 ipsi
651 1024 794 1090 subdere
844 1023 1110 1111 spondentium,
1157 1045 1302 1111 quorum
1342 1025 1511 1111 legatione

386 1136 564 1193 revocatus
579 1128 622 1192 ab
637 1127 699 1192 hac
711 1126 945 1191 devastatione
957 1127 979 1208 ⁶,
992 1148 1069 1189 curn
1080 1125 1263 1211 primatum
1274 1138 1300 1200 ¹¹,
1316 1127 1374 1213 qui
1394 1150 1509 1191 secum

386 1232 537 1310 aderant,
553 1230 695 1294 consilio
716 1227 994 1293 Lothariensihus
1011 1227 1147 1290 obviam
1165 1228 1288 1314 pergit.
1312 1230 1457 1314 Hugone
1477 1237 1511 1293 et

389 1333 567 1398 Heriberto
609 1331 817 1397 comitibus⁰
858 1330 900 1394 ad
927 1329 1170 1416 praesidiumw
1203 1329 1377 1416 patriae²¹
1417 1338 1513 1395 trans

389 1437 517 1501 Isaram
535 1435 671 1500 relictis.
696 1433 932 1498 Lotharienses
949 1432 1000 1495 illi
1019 1431 1155 1496 obviam
1174 1431 1272 1518 juxta
1296 1434 1514 1497 Mosomum²

387 1531 550 1619 veniunt3
570 1544 603 1601 et
620 1560 707 1601 uxor
723 1536 830 1623 ipsius
845 1535 982 1599 nomine
1002 1534 1133 1612 Emma,
1151 1534 1240 1619 regis
1256 1533 1410 1600 Rotberti
1431 1537 1511 1615 lilia,

389 1639 531 1706 Remisv
566 1639 703 1704 interim
736 1639 778 1702 ab
826 1636 941 1703 Seullo
974 1637 1245 1723 archipraesul&
1274 1647 1514 1703 consecratum
1584 1639 1592 1661 '''

389 1743 517 1828 regina.
539 1740 706 1806 liedulfus
730 1764 747 1805 a
772 1739 926 1827 plurimis
952 1738 1250 1803 Lothariensiumb
1279 1748 1458 1828 susceptus
1479 1741 1514 1803 in

390 1866 506 1930 regno,
521 1844 680 1930 petitura
698 1841 870 1928 Wigerico
883 1846 895 1885 3
910 1840 1141 1905 Metensium⁰
1160 1842 1319 1930 episeopo
1341 1851 1514 1929 receptum

358 2015 363 2021 ,
391 1948 439 2011 ire
456 1947 625 2035 quoddam
646 1953 795 2010 castrum
813 1944 848 2015 in
870 1967 997 2031 pagum
1022 1943 1214 2025 Elisatium,
1236 1945 1372 2008 nomine
1397 1945 1517 2009 Zabra-

393 2048 505 2116 nami.
536 2048 602 2114 Ubi
628 2054 700 2112 toto
727 2045 838 2134 pene‘¹
864 2047 1057 2110 demoratus
1082 2053 1246 2110 autumno
1256 2058 1280 2127 ⁰,
1308 2047 1513 2125 castellaniS,

390 2151 470 2239 quia
492 2149 806 2214 Transrhenensess
829 2156 935 2227 erant,
961 2148 1125 2212 auxilium
1149 2148 1191 2212 ab
1212 2149 1370 2213 Heinrieo
1392 2149 1515 2213 frustra

392 2252 662 2340 expectantibus,
681 2252 817 2316 tandem
834 2248 1010 2315 obsidibus
1025 2250 1125 2314 abeis
1139 2251 1298 2338 acceptis
1314 2252 1515 2316 Laudunum

392 2355 436 2420 ad
456 2377 596 2420 uxorem
614 2377 711 2418 suam
724 2352 915 2417 revertitur,
938 2353 1069 2417 Interea
1085 2353 1339 2418 Nordmannis⁹
1353 2355 1517 2441 quosdam

393 2481 500 2544 pagos
519 2464 653 2521 nostros
678 2464 773 2520 trans
794 2456 921 2519 Isaram
940 2462 974 2519 et
1003 2454 1212 2519 nostratibus
1234 2479 1350 2520 eorum
1368 2458 1520 2521 terramt

392 2554 708 2649 depraedantibusl,
732 2558 858 2640 crebris
879 2557 1074 2622 alternatim
1101 2557 1239 2623 directis
1276 2559 1515 2644 legationibus,

394 2684 512 2749 paoem
533 2661 710 2726 Heriberto
737 2659 852 2724 comiti
878 2667 912 2724 et
933 2659 1049 2725 Seulfo
1076 2660 1329 2747 archiepiscopo
1357 2661 1520 2748 pollicen-

395 2772 451 2828 tur
468 2763 654 2850 ceterisque
677 2763 814 2827 Francis
833 2762 891 2849 qui
922 2786 1002 2827 oum
1017 2762 1100 2849 ipsis
1120 2769 1237 2827 eontra
1261 2762 1518 2828 NordmannosJ'

395 2865 597 2948 sedebantl,
626 2866 654 2930 si
680 2873 794 2930 tamen
823 2864 871 2929 eis
901 2856 991 2930 terra
1018 2863 1157 2929 daretur
1180 2888 1283 2954 quam
1309 2865 1520 2953 spaciosaml

427 3062 455 3123 q)
469 3061 622 3123 infringere,
633 3061 663 3119 B,
678 3060 706 3118 C,
722 3061 751 3118 D,
766 3059 796 3107 E.
814 3086 844 3095 -
856 3061 878 3122 r)
892 3060 1013 3122 cedibus,
1028 3060 1059 3115 A,
1074 3060 1197 3118 cedibus,
1210 3059 1240 3120 B,
1256 3060 1285 3120 C,
1305 3060 1334 3108 D.
1350 3087 1380 3096 -
1399 3062 1420 3122 s)
1435 3061 1517 3108 rebus

396 3138 468 3182 cuni,
482 3125 514 3172 A.
529 3151 562 3178 -,
575 3123 594 3186 t)
607 3123 807 3181 devastacione,
821 3123 852 3170 D.
867 3150 897 3159 -
911 3121 937 3184 rr)
954 3123 1172 3183 comprimatum,
1194 3121 1225 3170 Ε.
1241 3150 1272 3158 -
1289 3124 1313 3183 υ)
1333 3123 1517 3178 commitibus,

397 3186 426 3233 C.
439 3213 471 3220 —
483 3186 515 3247 w)
531 3186 688 3248 presidium,
703 3184 730 3232 C.
743 3189 807 3246 ηπ)
821 3185 917 3246 patrie,
934 3184 967 3242 A,
980 3184 1008 3243 B,
1023 3211 1054 3221 -
1068 3188 1096 3248 y)
1111 3189 1140 3234 ut
1158 3184 1261 3243 Remis,
1280 3199 1351 3232 corr.
1367 3199 1400 3232 en
1417 3185 1516 3240 Remis,

398 3248 426 3295 C.
449 3275 481 3283 -
503 3248 526 3310 z)
545 3247 738 3308 archipresule,
753 3247 782 3295 B.
796 3273 827 3282 —
838 3247 862 3306 a)
877 3247 1091 3306 consecravitur,
1111 3262 1182 3302 corr.
1202 3261 1236 3294 en
1253 3250 1437 3305 consecratur,
1447 3248 1475 3295 C.
1488 3274 1520 3282 -

397 3310 422 3372 b}
439 3310 603 3370 Lotlrarium,
616 3309 643 3358 B.
657 3336 687 3346 -
699 3310 722 3372 c)
734 3308 918 3366 Mettensium,
930 3308 959 3366 B,
974 3309 1005 3368 D,
1018 3309 1048 3356 E.
1062 3336 1095 3345 -
1108 3309 1134 3361 dl
1145 3324 1239 3372 poene,
1253 3309 1282 3367 B,
1305 3324 1385 3370 pone,
1405 3309 1436 3356 Ε·
1450 3336 1482 3344 -
1494 3311 1516 3370 e)

397 3373 517 3431 auterno,
536 3373 566 3431 B,
580 3376 710 3430 autunno,
733 3372 762 3420 D.
785 3399 816 3407 -
836 3374 857 3433 t)
874 3371 1098 3431 Transrenenses,
1120 3371 1149 3419 B.
1170 3398 1201 3406 -
1221 3372 1249 3434 9)
1272 3371 1458 3430 Nortmannis,
1482 3372 1516 3430 A,

398 3435 589 3493 Norrnandnis,
606 3435 634 3494 C,
650 3435 681 3482 E.
699 3462 730 3469 —
742 3434 769 3492 lt)
783 3437 863 3492 terra,
879 3433 907 3481 B.
918 3460 948 3469 -
967 3432 984 3493 ι’)
1003 3433 1223 3495 depretiantibus,
1242 3433 1270 3481 C.
1283 3460 1315 3469 -
1325 3433 1349 3496 j)
1367 3433 1516 3482 Nortman-

399 3513 458 3560 nos,
480 3500 511 3557 A,
523 3498 742 3557 Nordmandnos‚
757 3495 785 3555 C,
804 3496 834 3544 E.
852 3523 882 3531 -
900 3496 926 3558 a)
944 3495 1065 3556 sedebat,
1087 3510 1158 3544 corr.
1179 3510 1213 3544 en
1233 3496 1373 3553 sedebant,
1397 3496 1424 3544 C.
1446 3523 1474 3532 -
1499 3495 1517 3556 l)

399 3562 559 3623 spatiosam,
574 3559 604 3619 C,
615 3560 646 3608 D.
760 3573 762 3576 ·

432 3779 453 3820 1.
473 3773 550 3821 Cette
562 3773 719 3836 expression
737 3774 779 3820 est
798 3770 985 3825 interessente,
999 3785 1044 3817 car
1055 3786 1089 3817 on
1103 3770 1145 3818 nie
1158 3770 1358 3832 generalement
1393 3786 1425 3818 uc
1446 3771 1524 3819 l'idee

399 3837 435 3883 (lo
444 3837 530 3898 patrie
540 3836 578 3883 ait
590 3835 674 3883 existe'
684 3849 716 3882 en
731 3835 842 3893 France,
852 3848 885 3881 au
901 3843 927 3879 x·
943 3833 1032 3880 siecle.
1045 3833 1115 3894 Voy.
1130 3848 1162 3880 en
1176 3833 1284 3880 dernier
1295 3834 1357 3888 lieu,
1371 3787 1401 3882 b
1412 3834 1522 3892 Monod,

402 3898 498 3946 L'e'oeil
514 3898 550 3946 du
568 3896 713 3945 sentiment
732 3895 853 3944 national
875 3910 908 3943 en
929 3895 1034 3942 Franco
1052 3909 1086 3942 au
1107 3895 1154 3942 XI·
1172 3894 1254 3943 siecle
1276 3895 1359 3956 (Pour
1376 3896 1415 3944 les
1436 3897 1524 3944 Noees

400 3961 522 4021 d'argent
543 3961 577 4008 de
597 3960 672 4007 Jules
691 3959 750 4021 noy
773 3962 800 4005 et
818 3958 895 4006 Alice
913 3958 1004 4020 Petit),
1018 3957 1173 4015 Versailles,
1192 3963 1260 4004 1903.
1284 3959 1318 4006 La
1333 3957 1434 4020 patrio,
1456 3961 1525 4006 dont

401 4023 419 4069 il
439 4023 526 4085 s'agit,
548 4023 616 4070 o'est
632 4021 656 4069 le
677 4037 710 4083 pa
732 4037 745 4068 s
767 4021 814 4068 des
834 4019 942 4078 Franci,
967 4019 1014 4081 qui
1041 4022 1105 4066 sont
1131 4023 1284 4068 nettement
1302 4021 1454 4084 distingues
1476 4021 1525 4067 des

402 4084 575 4133 It'ordmanni
590 4088 618 4132 et
637 4085 685 4132 des
741 4082 901 4141 tharienses,
915 4083 988 4130 leurs
1000 4082 1178 4143 adversaires,
1195 4097 1261 4131 avec
1282 4082 1401 4145 lesquels
1413 4083 1525 4132 Charles

401 4148 427 4196 le
440 4147 497 4196 Sim
518 4148 543 4196 le
557 4150 604 4195 eut
617 4147 640 4194 le
651 4150 708 4194 tort
719 4147 753 4193 de
765 4145 891 4208 pactiser.

433 4215 455 4259 2.
504 4223 599 4270 ouzon,
612 4209 764 4267 Ardennes,
776 4223 830 4255 arr.
845 4208 878 4254 de
891 4207 992 4254 Sedan.

435 4279 457 4320 3.
478 4272 606 4334 Wigeric,
621 4270 723 4332 aveque
737 4271 769 4317 de
782 4269 853 4317 Melz
867 4268 1074 4331 (917-19fevrier
1088 4271 1153 4332 927).

435 4339 457 4382 4.
476 4333 602 4394 Saverne,
616 4348 650 4381 en
665 4333 770 4381 Alsace.
791 4332 862 4378 Pour
879 4331 1020 4393 expliquer
1036 4345 1067 4379 oe
1080 4347 1202 4394 passage,
1217 4331 1253 4378 Μ’.
1276 4331 1384 4380 Parisot
1394 4334 1447 4395 [op.
1465 4332 1525 4386 cit,

404 4413 430 4459 p.
445 4399 559 4458 666-667)
573 4410 691 4457 suppose
702 4394 831 4457 qu'Henri
847 4394 877 4440 l⁸‘
887 4394 920 4441 de
934 4393 1078 4441 Germanie
1088 4395 1161 4442 avait
1174 4393 1271 4455 charge
1284 4395 1479 4456 quelques-uns
1491 4396 1527 4442 de

403 4474 448 4506 ses
460 4459 552 4506 fideles
565 4459 598 4505 de
609 4457 676 4505 taire
687 4472 739 4505 une
752 4456 884 4505 tentative
895 4471 942 4503 sur
954 4455 1079 4514 l'Alsace,
1092 4460 1120 4504 et
1133 4456 1247 4518 qu'ainsi
1260 4471 1311 4504 une
1322 4457 1450 4519 garnison
1463 4457 1526 4504 alle-

404 4521 501 4568 mande
514 4519 603 4568 s'ttait
614 4519 737 4568 installee
750 4521 764 4566 t
775 4518 902 4567 Savcrne.
917 4519 988 4580 Voy.
1000 4517 1072 4565 aussi
1087 4518 1206 4581 Lippert,
1220 4533 1246 4580 p.
1258 4524 1299 4567 362

434 4635 524 4678 Laura.
534 4658 561 4668 -
571 4636 677 4679 Annales
687 4637 716 4678 de
725 4635 857 4678 Flodoard.
1436 4635 1447 4675 2
