<?xml version="1.0" encoding="UTF-8"?>
<!DOCTYPE html PUBLIC "-//W3C//DTD XHTML 1.0 Transitional//EN"
    "http://www.w3.org/TR/xhtml1/DTD/xhtml1-transitional.dtd">
<html xmlns="http://www.w3.org/1999/xhtml" xml:lang="en" lang="en">
 <head>
  <title>
</title>
<meta http-equiv="Content-Type" content="text/html;charset=utf-8" />
  <meta name='ocr-system' content='tesseract 3.04.00' />
  <meta name='ocr-capabilities' content='ocr_page ocr_carea ocr_par ocr_line ocrx_word'/>
</head>
<body>
  <div class='ocr_page' id='page_1' title='image "./textesrelatifsa00thgoog_0280.png"; bbox 0 0 3800 5642; ppageno 0'>
   <div class='ocr_carea' id='block_1_1' title="bbox 862 683 1512 748">
    <p class='ocr_par' dir='ltr' id='par_1_1' title="bbox 862 683 1512 748">
     <span class='ocr_line' id='line_1_1' title="bbox 862 683 1512 748; baseline 0.006 -5"><span class='ocrx_word' id='word_1_1' title='bbox 862 701 1051 745; x_wconf 75' lang='lat' dir='ltr'>Arunnnrcns</span> <span class='ocrx_word' id='word_1_2' title='bbox 1452 683 1512 748; x_wconf 83' lang='lat'>201</span> 
     </span>
    </p>
   </div>
   <div class='ocr_carea' id='block_1_2' title="bbox 343 820 1518 4582">
    <p class='ocr_par' dir='ltr' id='par_1_2' title="bbox 343 820 1518 2951">
     <span class='ocr_line' id='line_1_2' title="bbox 393 820 1510 910; baseline 0.006 -26"><span class='ocrx_word' id='word_1_3' title='bbox 393 820 457 884; x_wconf 86' lang='lat' dir='ltr'>Cui</span> <span class='ocrx_word' id='word_1_4' title='bbox 468 820 604 884; x_wconf 90' lang='lat' dir='ltr'>obviam</span> <span class='ocrx_word' id='word_1_5' title='bbox 622 821 791 907; x_wconf 88' lang='lat' dir='ltr'>profectus</span> <span class='ocrx_word' id='word_1_6' title='bbox 807 831 858 886; x_wconf 89' lang='lat' dir='ltr'>est</span> <span class='ocrx_word' id='word_1_7' title='bbox 878 823 979 907; x_wconf 86' lang='lat' dir='ltr'>Hugo</span> <span class='ocrx_word' id='word_1_8' title='bbox 995 846 1072 886; x_wconf 94' lang='lat' dir='ltr'>cum</span> <span class='ocrx_word' id='word_1_9' title='bbox 1082 824 1287 888; x_wconf 79' lang='lat' dir='ltr'><strong>Francorum</strong></span> <span class='ocrx_word' id='word_1_10' title='bbox 1303 825 1510 910; x_wconf 77' lang='lat' dir='ltr'>proceribus,</span> 
     </span>
     <span class='ocr_line' id='line_1_3' title="bbox 394 924 1518 1011; baseline 0.003 -24"><span class='ocrx_word' id='word_1_11' title='bbox 394 924 431 987; x_wconf 93' lang='lat' dir='ltr'>ln</span> <span class='ocrx_word' id='word_1_12' title='bbox 447 924 531 1010; x_wconf 86' lang='lat' dir='ltr'>ipsis</span> <span class='ocrx_word' id='word_1_13' title='bbox 546 924 690 988; x_wconf 72' lang='lat' dir='ltr'>littoreis</span> <span class='ocrx_word' id='word_1_14' title='bbox 701 925 811 988; x_wconf 87' lang='lat' dir='ltr'>arenis</span> <span class='ocrx_word' id='word_1_15' title='bbox 823 926 911 1011; x_wconf 91' lang='lat' dir='ltr'>apud</span> <span class='ocrx_word' id='word_1_16' title='bbox 928 926 1115 989; x_wconf 81' lang='lat' dir='ltr'>Bononiam</span> <span class='ocrx_word' id='word_1_17' title='bbox 1127 949 1162 989; x_wconf 92' lang='lat' dir='ltr'>se</span> <span class='ocrx_word' id='word_1_18' title='bbox 1176 927 1226 989; x_wconf 92' lang='lat' dir='ltr'>illi</span> <span class='ocrx_word' id='word_1_19' title='bbox 1237 928 1467 1005; x_wconf 87' lang='lat' dir='ltr'>committunt,</span> <span class='ocrx_word' id='word_1_20' title='bbox 1481 937 1518 991; x_wconf 92' lang='lat' dir='ltr'>ut</span> 
     </span>
     <span class='ocr_line' id='line_1_4' title="bbox 392 1026 1518 1116; baseline 0.004 -28"><span class='ocrx_word' id='word_1_21' title='bbox 392 1034 464 1090; x_wconf 88' lang='lat' dir='ltr'>erat</span> <span class='ocrx_word' id='word_1_22' title='bbox 480 1026 639 1112; x_wconf 90' lang='lat' dir='ltr'>utrinque</span> <span class='ocrx_word' id='word_1_23' title='bbox 658 1035 806 1112; x_wconf 83' lang='lat' dir='ltr'>pactum.</span> <span class='ocrx_word' id='word_1_24' title='bbox 828 1027 907 1090; x_wconf 91' lang='lat' dir='ltr'>lnde</span> <span class='ocrx_word' id='word_1_25' title='bbox 933 1027 1132 1091; x_wconf 90' lang='lat' dir='ltr'>Laudunum</span> <span class='ocrx_word' id='word_1_26' title='bbox 1159 1028 1324 1091; x_wconf 88' lang='lat' dir='ltr'>deductus</span> <span class='ocrx_word' id='word_1_27' title='bbox 1348 1052 1387 1091; x_wconf 90' lang='lat' dir='ltr'>ac</span> <span class='ocrx_word' id='word_1_28' title='bbox 1414 1031 1518 1116; x_wconf 80' lang='lat' dir='ltr'>regali</span> 
     </span>
     <span class='ocr_line' id='line_1_5' title="bbox 393 1128 1517 1216; baseline 0.004 -25"><span class='ocrx_word' id='word_1_29' title='bbox 393 1128 1517 1216; x_wconf 76' lang='lat' dir='ltr'>benedictioneditatuS,ungituretcoronaturabArtoldollemen-</span> 
     </span>
     <span class='ocr_line' id='line_1_6' title="bbox 393 1230 1515 1320; baseline 0.004 -27"><span class='ocrx_word' id='word_1_30' title='bbox 393 1231 423 1294; x_wconf 90' lang='lat' dir='ltr'>si</span> <span class='ocrx_word' id='word_1_31' title='bbox 442 1230 706 1317; x_wconf 78' lang='lat' dir='ltr'>archiepiscope,</span> <span class='ocrx_word' id='word_1_32' title='bbox 719 1231 954 1317; x_wconf 87' lang='lat' dir='ltr'>praesentibus</span> <span class='ocrx_word' id='word_1_33' title='bbox 971 1232 1066 1317; x_wconf 79' lang='lat' dir='ltr'>regni</span> <span class='ocrx_word' id='word_1_34' title='bbox 1076 1232 1280 1318; x_wconf 89' lang='lat' dir='ltr'>primoribus</span> <span class='ocrx_word' id='word_1_35' title='bbox 1297 1255 1334 1295; x_wconf 92' lang='lat' dir='ltr'>ac</span> <span class='ocrx_word' id='word_1_36' title='bbox 1348 1235 1515 1320; x_wconf 89' lang='lat' dir='ltr'>episcopis</span> 
     </span>
     <span class='ocr_line' id='line_1_7' title="bbox 392 1333 1512 1419; baseline 0.001 -22"><span class='ocrx_word' id='word_1_37' title='bbox 392 1333 523 1418; x_wconf 80' lang='lat' dir='ltr'>vigenti</span> <span class='ocrx_word' id='word_1_38' title='bbox 546 1340 580 1396; x_wconf 94' lang='lat' dir='ltr'>et</span> <span class='ocrx_word' id='word_1_39' title='bbox 604 1333 762 1419; x_wconf 84' lang='lat' dir='ltr'>amplius</span> <span class='ocrx_word' id='word_1_40' title='bbox 794 1335 874 1397; x_wconf 85' lang='lat' dir='ltr'>Mox</span> <span class='ocrx_word' id='word_1_41' title='bbox 903 1333 1135 1418; x_wconf 86' lang='lat' dir='ltr'>Burgundiam</span> <span class='ocrx_word' id='word_1_42' title='bbox 1166 1335 1302 1406; x_wconf 88' lang='lat' dir='ltr'>adeunt,</span> <span class='ocrx_word' id='word_1_43' title='bbox 1334 1342 1367 1397; x_wconf 94' lang='lat' dir='ltr'>et</span> <span class='ocrx_word' id='word_1_44' title='bbox 1394 1336 1512 1399; x_wconf 91' lang='lat' dir='ltr'>urbem</span> 
     </span>
     <span class='ocr_line' id='line_1_8' title="bbox 393 1435 1511 1522; baseline 0.002 -24"><span class='ocrx_word' id='word_1_45' title='bbox 393 1435 622 1520; x_wconf 83' lang='lat' dir='ltr'>Linguonum,</span> <span class='ocrx_word' id='word_1_46' title='bbox 662 1458 763 1522; x_wconf 92' lang='lat' dir='ltr'>quam</span> <span class='ocrx_word' id='word_1_47' title='bbox 801 1436 900 1521; x_wconf 85' lang='lat' dir='ltr'>Hugo</span> <span class='ocrx_word' id='word_1_48' title='bbox 939 1435 1071 1522; x_wconf 90' lang='lat' dir='ltr'>Capito,</span> <span class='ocrx_word' id='word_1_49' title='bbox 1108 1435 1211 1500; x_wconf 87' lang='lat' dir='ltr'>frater</span> <span class='ocrx_word' id='word_1_50' title='bbox 1240 1436 1328 1520; x_wconf 81' lang='lat' dir='ltr'>regis</span> <span class='ocrx_word' id='word_1_51' title='bbox 1362 1437 1511 1515; x_wconf 85' lang='lat' dir='ltr'>Rodulli,</span> 
     </span>
     <span class='ocr_line' id='line_1_9' title="bbox 392 1536 1511 1624; baseline 0.002 -24"><span class='ocrx_word' id='word_1_52' title='bbox 392 1543 537 1624; x_wconf 81' lang='lat' dir='ltr'>ceperat,</span> <span class='ocrx_word' id='word_1_53' title='bbox 556 1536 1015 1624; x_wconf 82' lang='lat' dir='ltr'>obsident;fugientibusque</span> <span class='ocrx_word' id='word_1_54' title='bbox 1025 1538 1235 1618; x_wconf 91' lang='lat' dir='ltr'>custodibus,</span> <span class='ocrx_word' id='word_1_55' title='bbox 1251 1539 1323 1601; x_wconf 91' lang='lat' dir='ltr'>sine</span> <span class='ocrx_word' id='word_1_56' title='bbox 1335 1538 1423 1602; x_wconf 93' lang='lat' dir='ltr'>bello</span> <span class='ocrx_word' id='word_1_57' title='bbox 1439 1562 1511 1602; x_wconf 90' lang='lat' dir='ltr'>eam</span> 
     </span>
     <span class='ocr_line' id='line_1_10' title="bbox 391 1637 1513 1726; baseline 0.002 -23"><span class='ocrx_word' id='word_1_58' title='bbox 391 1639 571 1726; x_wconf 89' lang='lat' dir='ltr'>recipiunt,</span> <span class='ocrx_word' id='word_1_59' title='bbox 590 1640 802 1726; x_wconf 83' lang='lat' dir='ltr'>acceptisque</span> <span class='ocrx_word' id='word_1_60' title='bbox 820 1640 996 1703; x_wconf 91' lang='lat' dir='ltr'>obsidibus</span> <span class='ocrx_word' id='word_1_61' title='bbox 1013 1637 1054 1702; x_wconf 91' lang='lat' dir='ltr'>ab</span> <span class='ocrx_word' id='word_1_62' title='bbox 1075 1641 1242 1726; x_wconf 90' lang='lat' dir='ltr'>episcopis</span> <span class='ocrx_word' id='word_1_63' title='bbox 1261 1648 1294 1704; x_wconf 92' lang='lat' dir='ltr'>et</span> <span class='ocrx_word' id='word_1_64' title='bbox 1312 1641 1513 1726; x_wconf 86' lang='lat' dir='ltr'>primatibus</span> 
     </span>
     <span class='ocr_line' id='line_1_11' title="bbox 393 1741 1514 1829; baseline 0.003 -25"><span class='ocrx_word' id='word_1_65' title='bbox 393 1741 609 1827; x_wconf 85' lang='lat' dir='ltr'>Burgundiae</span> <span class='ocrx_word' id='word_1_66' title='bbox 630 1741 780 1805; x_wconf 90' lang='lat' dir='ltr'>Parisius</span> <span class='ocrx_word' id='word_1_67' title='bbox 802 1742 955 1807; x_wconf 88' lang='lat' dir='ltr'>redeunt.</span> <span class='ocrx_word' id='word_1_68' title='bbox 980 1742 1079 1829; x_wconf 81' lang='lat' dir='ltr'>Hugo</span> <span class='ocrx_word' id='word_1_69' title='bbox 1099 1743 1244 1824; x_wconf 81' lang='lat' dir='ltr'>Magnus</span> <span class='ocrx_word' id='word_1_70' title='bbox 1269 1766 1346 1806; x_wconf 90' lang='lat' dir='ltr'>cum</span> <span class='ocrx_word' id='word_1_71' title='bbox 1371 1743 1514 1829; x_wconf 82' lang='lat' dir='ltr'>Hugone</span> 
     </span>
     <span class='ocr_line' id='line_1_12' title="bbox 393 1843 1514 1931; baseline 0.002 -24"><span class='ocrx_word' id='word_1_72' title='bbox 393 1843 513 1929; x_wconf 88' lang='lat' dir='ltr'>Capito</span> <span class='ocrx_word' id='word_1_73' title='bbox 537 1843 694 1907; x_wconf 84' lang='lat' dir='ltr'>Richardi</span> <span class='ocrx_word' id='word_1_74' title='bbox 713 1844 794 1922; x_wconf 83' lang='lat' dir='ltr'>lilio,</span> <span class='ocrx_word' id='word_1_75' title='bbox 826 1844 948 1931; x_wconf 87' lang='lat' dir='ltr'>partita</span> <span class='ocrx_word' id='word_1_76' title='bbox 976 1844 1064 1907; x_wconf 86' lang='lat' dir='ltr'>inter</span> <span class='ocrx_word' id='word_1_77' title='bbox 1092 1867 1127 1907; x_wconf 90' lang='lat' dir='ltr'>se</span> <span class='ocrx_word' id='word_1_78' title='bbox 1159 1845 1364 1928; x_wconf 84' lang='lat' dir='ltr'>Burgundia,</span> <span class='ocrx_word' id='word_1_79' title='bbox 1397 1869 1514 1930; x_wconf 90' lang='lat' dir='ltr'>pacem</span> 
     </span>
     <span class='ocr_line' id='line_1_13' title="bbox 392 1945 1515 2032; baseline 0.002 -25"><span class='ocrx_word' id='word_1_80' title='bbox 392 1945 531 2009; x_wconf 87' lang='lat' dir='ltr'>faciunt.</span> <span class='ocrx_word' id='word_1_81' title='bbox 556 1946 637 2009; x_wconf 90' lang='lat' dir='ltr'>Post</span> <span class='ocrx_word' id='word_1_82' title='bbox 667 1945 847 2031; x_wconf 80' lang='lat' dir='ltr'>Hugonem</span> <span class='ocrx_word' id='word_1_83' title='bbox 869 1945 989 2032; x_wconf 91' lang='lat' dir='ltr'>Capito</span> <span class='ocrx_word' id='word_1_84' title='bbox 1007 1946 1217 2010; x_wconf 88' lang='lat' dir='ltr'>Gislebertus</span> <span class='ocrx_word' id='word_1_85' title='bbox 1243 1947 1401 2010; x_wconf 85' lang='lat' dir='ltr'>ducatum</span> <span class='ocrx_word' id='word_1_86' title='bbox 1429 1947 1515 2011; x_wconf 91' lang='lat' dir='ltr'>obti-</span> 
     </span>
     <span class='ocr_line' id='line_1_14' title="bbox 355 2048 1513 2134; baseline 0.002 -24"><span class='ocrx_word' id='word_1_87' title='bbox 355 2100 360 2109; x_wconf 95' lang='lat'>.</span> <span class='ocrx_word' id='word_1_88' title='bbox 392 2048 477 2112; x_wconf 93' lang='lat' dir='ltr'>nuit.</span> <span class='ocrx_word' id='word_1_89' title='bbox 494 2048 666 2111; x_wconf 92' lang='lat' dir='ltr'>Ludovico</span> <span class='ocrx_word' id='word_1_90' title='bbox 682 2049 787 2134; x_wconf 80' lang='lat' dir='ltr'>igitur</span> <span class='ocrx_word' id='word_1_91' title='bbox 801 2049 895 2134; x_wconf 80' lang='lat' dir='ltr'>regni</span> <span class='ocrx_word' id='word_1_92' title='bbox 916 2049 1245 2112; x_wconf 88' lang='lat' dir='ltr'>administrationem</span> <span class='ocrx_word' id='word_1_93' title='bbox 1267 2072 1346 2111; x_wconf 90' lang='lat' dir='ltr'>suac</span> <span class='ocrx_word' id='word_1_94' title='bbox 1362 2049 1513 2112; x_wconf 91' lang='lat' dir='ltr'>domina-</span> 
     </span>
     <span class='ocr_line' id='line_1_15' title="bbox 389 2150 1514 2237; baseline 0 -23"><span class='ocrx_word' id='word_1_95' title='bbox 389 2151 492 2214; x_wconf 91' lang='lat' dir='ltr'>tionis</span> <span class='ocrx_word' id='word_1_96' title='bbox 507 2172 661 2213; x_wconf 85' lang='lat' dir='ltr'>exereere</span> <span class='ocrx_word' id='word_1_97' title='bbox 677 2152 836 2237; x_wconf 91' lang='lat' dir='ltr'>cupienti,</span> <span class='ocrx_word' id='word_1_98' title='bbox 850 2151 990 2213; x_wconf 90' lang='lat' dir='ltr'>nimium</span> <span class='ocrx_word' id='word_1_99' title='bbox 1005 2151 1062 2213; x_wconf 91' lang='lat' dir='ltr'>illa</span> <span class='ocrx_word' id='word_1_100' title='bbox 1079 2150 1242 2214; x_wconf 89' lang='lat' dir='ltr'>laboriosa</span> <span class='ocrx_word' id='word_1_101' title='bbox 1256 2151 1332 2228; x_wconf 87' lang='lat' dir='ltr'>fuit,</span> <span class='ocrx_word' id='word_1_102' title='bbox 1350 2159 1419 2214; x_wconf 90' lang='lat' dir='ltr'>tam</span> <span class='ocrx_word' id='word_1_103' title='bbox 1430 2152 1514 2214; x_wconf 89' lang='lat' dir='ltr'>suia</span> 
     </span>
     <span class='ocr_line' id='line_1_16' title="bbox 390 2251 1510 2338; baseline -0.001 -21"><span class='ocrx_word' id='word_1_104' title='bbox 390 2251 553 2317; x_wconf 89' lang='lat' dir='ltr'>Tetbaldo</span> <span class='ocrx_word' id='word_1_105' title='bbox 576 2252 836 2316; x_wconf 89' lang='lat' dir='ltr'>Carnotensium</span> <span class='ocrx_word' id='word_1_106' title='bbox 858 2254 981 2316; x_wconf 85' lang='lat' dir='ltr'>comite</span> <span class='ocrx_word' id='word_1_107' title='bbox 1004 2253 1170 2338; x_wconf 86' lang='lat' dir='ltr'>captione,</span> <span class='ocrx_word' id='word_1_108' title='bbox 1194 2276 1294 2338; x_wconf 92' lang='lat' dir='ltr'>quam</span> <span class='ocrx_word' id='word_1_109' title='bbox 1315 2261 1393 2338; x_wconf 91' lang='lat' dir='ltr'>post</span> <span class='ocrx_word' id='word_1_110' title='bbox 1414 2254 1510 2337; x_wconf 86' lang='lat' dir='ltr'>regni</span> 
     </span>
     <span class='ocr_line' id='line_1_17' title="bbox 343 2355 1511 2441; baseline 0 -23"><span class='ocrx_word' id='word_1_111' title='bbox 343 2392 350 2402; x_wconf 90' lang='lat'><strong>·</strong></span> <span class='ocrx_word' id='word_1_112' title='bbox 390 2355 678 2441; x_wconf 85' lang='lat' dir='ltr'>recuperationem</span> <span class='ocrx_word' id='word_1_113' title='bbox 693 2355 785 2418; x_wconf 87' lang='lat' dir='ltr'>vario</span> <span class='ocrx_word' id='word_1_114' title='bbox 802 2355 971 2418; x_wconf 90' lang='lat' dir='ltr'>instabilis</span> <span class='ocrx_word' id='word_1_115' title='bbox 988 2355 1140 2418; x_wconf 85' lang='lat' dir='ltr'>fortunae</span> <span class='ocrx_word' id='word_1_116' title='bbox 1160 2362 1338 2440; x_wconf 90' lang='lat' dir='ltr'>proventu.</span> <span class='ocrx_word' id='word_1_117' title='bbox 1354 2355 1511 2418; x_wconf 89' lang='lat' dir='ltr'>Heinrico</span> 
     </span>
     <span class='ocr_line' id='line_1_18' title="bbox 391 2456 1513 2543; baseline 0 -22"><span class='ocrx_word' id='word_1_118' title='bbox 391 2457 495 2540; x_wconf 80' lang='lat' dir='ltr'>igitur</span> <span class='ocrx_word' id='word_1_119' title='bbox 517 2479 640 2541; x_wconf 83' lang='lat' dir='ltr'>magno</span> <span class='ocrx_word' id='word_1_120' title='bbox 661 2457 862 2543; x_wconf 89' lang='lat' dir='ltr'>imperatore</span> <span class='ocrx_word' id='word_1_121' title='bbox 891 2457 955 2520; x_wconf 90' lang='lat' dir='ltr'>sub</span> <span class='ocrx_word' id='word_1_122' title='bbox 974 2457 1093 2520; x_wconf 91' lang='lat' dir='ltr'>iisdem</span> <span class='ocrx_word' id='word_1_123' title='bbox 1116 2456 1236 2520; x_wconf 92' lang='lat' dir='ltr'>diebus</span> <span class='ocrx_word' id='word_1_124' title='bbox 1258 2457 1415 2536; x_wconf 91' lang='lat' dir='ltr'>obeunte,</span> <span class='ocrx_word' id='word_1_125' title='bbox 1432 2481 1513 2521; x_wconf 90' lang='lat' dir='ltr'>cou-</span> 
     </span>
     <span class='ocr_line' id='line_1_19' title="bbox 390 2558 1513 2645; baseline -0.002 -22"><span class='ocrx_word' id='word_1_126' title='bbox 390 2558 498 2623; x_wconf 90' lang='lat' dir='ltr'>tentio</span> <span class='ocrx_word' id='word_1_127' title='bbox 523 2559 610 2621; x_wconf 90' lang='lat' dir='ltr'>inter</span> <span class='ocrx_word' id='word_1_128' title='bbox 638 2559 726 2622; x_wconf 88' lang='lat' dir='ltr'>lilios</span> <span class='ocrx_word' id='word_1_129' title='bbox 748 2558 882 2644; x_wconf 87' lang='lat' dir='ltr'>ejusde</span> <span class='ocrx_word' id='word_1_130' title='bbox 911 2582 1016 2643; x_wconf 78' lang='lat' dir='ltr'>regno</span> <span class='ocrx_word' id='word_1_131' title='bbox 1048 2560 1207 2645; x_wconf 86' lang='lat' dir='ltr'>agitatur.</span> <span class='ocrx_word' id='word_1_132' title='bbox 1235 2558 1362 2622; x_wconf 88' lang='lat' dir='ltr'>Othoni</span> <span class='ocrx_word' id='word_1_133' title='bbox 1398 2567 1513 2624; x_wconf 88' lang='lat' dir='ltr'>tamen</span> 
     </span>
     <span class='ocr_line' id='line_1_20' title="bbox 390 2661 1510 2748; baseline 0.002 -24"><span class='ocrx_word' id='word_1_134' title='bbox 390 2668 472 2724; x_wconf 92' lang='lat' dir='ltr'>natu</span> <span class='ocrx_word' id='word_1_135' title='bbox 493 2661 610 2723; x_wconf 88' lang='lat' dir='ltr'>maiori</span> <span class='ocrx_word' id='word_1_136' title='bbox 628 2684 738 2724; x_wconf 89' lang='lat' dir='ltr'>rerum</span> <span class='ocrx_word' id='word_1_137' title='bbox 758 2684 891 2724; x_wconf 94' lang='lat' dir='ltr'>summa</span> <span class='ocrx_word' id='word_1_138' title='bbox 915 2661 1064 2726; x_wconf 80' lang='lat' dir='ltr'>obvenit.</span> <span class='ocrx_word' id='word_1_139' title='bbox 1086 2662 1241 2726; x_wconf 80' lang='lat' dir='ltr'>lohanne</span> <span class='ocrx_word' id='word_1_140' title='bbox 1265 2684 1399 2748; x_wconf 91' lang='lat' dir='ltr'>quoque</span> <span class='ocrx_word' id='word_1_141' title='bbox 1424 2685 1510 2748; x_wconf 87' lang='lat' dir='ltr'>papa</span> 
     </span>
     <span class='ocr_line' id='line_1_21' title="bbox 390 2762 1508 2850; baseline 0 -23"><span class='ocrx_word' id='word_1_142' title='bbox 390 2762 539 2827; x_wconf 86' lang='lat' dir='ltr'>Alberici</span> <span class='ocrx_word' id='word_1_143' title='bbox 561 2763 693 2849; x_wconf 91' lang='lat' dir='ltr'>patricii</span> <span class='ocrx_word' id='word_1_144' title='bbox 715 2762 815 2826; x_wconf 82' lang='lat' dir='ltr'>fratre</span> <span class='ocrx_word' id='word_1_145' title='bbox 838 2762 1009 2841; x_wconf 90' lang='lat' dir='ltr'>delunct0,</span> <span class='ocrx_word' id='word_1_146' title='bbox 1032 2764 1100 2827; x_wconf 93' lang='lat' dir='ltr'>Leo</span> <span class='ocrx_word' id='word_1_147' title='bbox 1117 2765 1148 2824; x_wconf 94' lang='lat' dir='ltr'>V</span> <span class='ocrx_word' id='word_1_148' title='bbox 1167 2763 1327 2843; x_wconf 89' lang='lat' dir='ltr'>succedit,</span> <span class='ocrx_word' id='word_1_149' title='bbox 1357 2771 1390 2827; x_wconf 90' lang='lat' dir='ltr'>et</span> <span class='ocrx_word' id='word_1_150' title='bbox 1408 2764 1508 2850; x_wconf 82' lang='lat' dir='ltr'>Hugo</span> 
     </span>
     <span class='ocr_line' id='line_1_22' title="bbox 387 2865 1506 2951; baseline 0.002 -23"><span class='ocrx_word' id='word_1_151' title='bbox 387 2888 445 2929; x_wconf 86' lang='lat' dir='ltr'>rex</span> <span class='ocrx_word' id='word_1_152' title='bbox 455 2865 571 2929; x_wconf 89' lang='lat' dir='ltr'>ltaliae</span> <span class='ocrx_word' id='word_1_153' title='bbox 588 2886 607 2928; x_wconf 93' lang='lat' dir='ltr'>a</span> <span class='ocrx_word' id='word_1_154' title='bbox 628 2865 735 2929; x_wconf 87' lang='lat' dir='ltr'>Roma</span> <span class='ocrx_word' id='word_1_155' title='bbox 751 2865 888 2944; x_wconf 89' lang='lat' dir='ltr'>recedit,</span> <span class='ocrx_word' id='word_1_156' title='bbox 904 2888 984 2950; x_wconf 90' lang='lat' dir='ltr'>pace</span> <span class='ocrx_word' id='word_1_157' title='bbox 996 2865 1082 2929; x_wconf 89' lang='lat' dir='ltr'>facta</span> <span class='ocrx_word' id='word_1_158' title='bbox 1096 2888 1171 2929; x_wconf 88' lang='lat' dir='ltr'>cum</span> <span class='ocrx_word' id='word_1_159' title='bbox 1184 2866 1342 2929; x_wconf 85' lang='lat' dir='ltr'>Alberico</span> <span class='ocrx_word' id='word_1_160' title='bbox 1355 2866 1506 2951; x_wconf 88' lang='lat' dir='ltr'>patricio.</span> 
     </span>
    </p>

    <p class='ocr_par' dir='ltr' id='par_1_3' title="bbox 384 2965 1517 4582">
     <span class='ocr_line' id='line_1_23' title="bbox 431 2965 1509 3054; baseline 0.001 -24"><span class='ocrx_word' id='word_1_161' title='bbox 431 2968 532 3030; x_wconf 80' lang='lat' dir='ltr'>Anno</span> <span class='ocrx_word' id='word_1_162' title='bbox 553 2966 595 3029; x_wconf 93' lang='lat' dir='ltr'>ab</span> <span class='ocrx_word' id='word_1_163' title='bbox 617 2966 682 3030; x_wconf 91' lang='lat' dir='ltr'>inc.</span> <span class='ocrx_word' id='word_1_164' title='bbox 707 2967 806 3032; x_wconf 86' lang='lat' dir='ltr'>Dom.</span> <span class='ocrx_word' id='word_1_165' title='bbox 836 2965 912 3032; x_wconf 78' lang='grc'><strong>937.</strong></span> <span class='ocrx_word' id='word_1_166' title='bbox 935 2967 1129 3030; x_wconf 92' lang='lat' dir='ltr'>Ludovicus</span> <span class='ocrx_word' id='word_1_167' title='bbox 1150 2991 1205 3030; x_wconf 85' lang='lat' dir='ltr'>rex</span> <span class='ocrx_word' id='word_1_168' title='bbox 1227 2967 1268 3030; x_wconf 92' lang='lat' dir='ltr'>ab</span> <span class='ocrx_word' id='word_1_169' title='bbox 1295 2967 1449 3054; x_wconf 84' lang='lat' dir='ltr'>Hugonis</span> <span class='ocrx_word' id='word_1_170' title='bbox 1474 2992 1509 3031; x_wconf 92' lang='lat' dir='ltr'>se</span> 
     </span>
     <span class='ocr_line' id='line_1_24' title="bbox 387 3069 1508 3155; baseline 0 -23"><span class='ocrx_word' id='word_1_171' title='bbox 387 3069 620 3154; x_wconf 88' lang='lat' dir='ltr'>procuratione</span> <span class='ocrx_word' id='word_1_172' title='bbox 647 3076 792 3154; x_wconf 92' lang='lat' dir='ltr'>separat.</span> <span class='ocrx_word' id='word_1_173' title='bbox 824 3069 871 3131; x_wconf 80' lang='lat' dir='ltr'>Eo</span> <span class='ocrx_word' id='word_1_174' title='bbox 898 3091 986 3131; x_wconf 91' lang='lat' dir='ltr'>anno</span> <span class='ocrx_word' id='word_1_175' title='bbox 1014 3069 1097 3132; x_wconf 90' lang='lat' dir='ltr'>caeli</span> <span class='ocrx_word' id='word_1_176' title='bbox 1126 3093 1203 3155; x_wconf 92' lang='lat' dir='ltr'>pars</span> <span class='ocrx_word' id='word_1_177' title='bbox 1223 3069 1338 3132; x_wconf 92' lang='lat' dir='ltr'>ardere</span> <span class='ocrx_word' id='word_1_178' title='bbox 1363 3069 1448 3141; x_wconf 84' lang='lat' dir='ltr'>visa,</span> <span class='ocrx_word' id='word_1_179' title='bbox 1475 3077 1508 3132; x_wconf 92' lang='lat' dir='ltr'>et</span> 
     </span>
     <span class='ocr_line' id='line_1_25' title="bbox 386 3169 1509 3257; baseline 0.001 -24"><span class='ocrx_word' id='word_1_180' title='bbox 386 3170 427 3233; x_wconf 90' lang='lat' dir='ltr'>ab</span> <span class='ocrx_word' id='word_1_181' title='bbox 458 3169 577 3234; x_wconf 89' lang='lat' dir='ltr'>eadem</span> <span class='ocrx_word' id='word_1_182' title='bbox 608 3177 701 3256; x_wconf 90' lang='lat' dir='ltr'>parte</span> <span class='ocrx_word' id='word_1_183' title='bbox 723 3170 963 3255; x_wconf 84' lang='lat' dir='ltr'>llungarorum</span> <span class='ocrx_word' id='word_1_184' title='bbox 987 3171 1201 3257; x_wconf 91' lang='lat' dir='ltr'>persequutio</span> <span class='ocrx_word' id='word_1_185' title='bbox 1233 3170 1414 3257; x_wconf 90' lang='lat' dir='ltr'>insequuta</span> <span class='ocrx_word' id='word_1_186' title='bbox 1444 3177 1509 3250; x_wconf 90' lang='lat' dir='ltr'>est,</span> 
     </span>
     <span class='ocr_line' id='line_1_26' title="bbox 388 3271 1512 3359; baseline -0.001 -23"><span class='ocrx_word' id='word_1_187' title='bbox 388 3295 453 3359; x_wconf 90' lang='lat' dir='ltr'>qua</span> <span class='ocrx_word' id='word_1_188' title='bbox 467 3271 570 3335; x_wconf 88' lang='lat' dir='ltr'>villae</span> <span class='ocrx_word' id='word_1_189' title='bbox 583 3279 617 3335; x_wconf 91' lang='lat' dir='ltr'>et</span> <span class='ocrx_word' id='word_1_190' title='bbox 631 3272 703 3358; x_wconf 85' lang='lat' dir='ltr'>agri</span> <span class='ocrx_word' id='word_1_191' title='bbox 716 3271 923 3358; x_wconf 91' lang='lat' dir='ltr'>depopulati,</span> <span class='ocrx_word' id='word_1_192' title='bbox 944 3272 1066 3336; x_wconf 92' lang='lat' dir='ltr'>domus</span> <span class='ocrx_word' id='word_1_193' title='bbox 1085 3272 1310 3357; x_wconf 89' lang='lat' dir='ltr'>basilicaeque</span> <span class='ocrx_word' id='word_1_194' title='bbox 1328 3273 1512 3357; x_wconf 81' lang='lat' dir='ltr'>conflagra-</span> 
     </span>
     <span class='ocr_line' id='line_1_27' title="bbox 387 3372 1510 3460; baseline -0.002 -22"><span class='ocrx_word' id='word_1_195' title='bbox 387 3382 453 3454; x_wconf 86' lang='lat' dir='ltr'>tae,</span> <span class='ocrx_word' id='word_1_196' title='bbox 487 3374 700 3460; x_wconf 89' lang='lat' dir='ltr'>captivorum</span> <span class='ocrx_word' id='word_1_197' title='bbox 743 3372 888 3438; x_wconf 92' lang='lat' dir='ltr'>abducta</span> <span class='ocrx_word' id='word_1_198' title='bbox 924 3374 1119 3438; x_wconf 90' lang='lat' dir='ltr'>multitudo.</span> <span class='ocrx_word' id='word_1_199' title='bbox 1161 3374 1353 3438; x_wconf 89' lang='lat' dir='ltr'>Nonnullas</span> <span class='ocrx_word' id='word_1_200' title='bbox 1397 3380 1510 3438; x_wconf 90' lang='lat' dir='ltr'>tamen</span> 
     </span>
     <span class='ocr_line' id='line_1_28' title="bbox 387 3475 1511 3565; baseline 0 -25"><span class='ocrx_word' id='word_1_201' title='bbox 387 3476 546 3540; x_wconf 88' lang='lat' dir='ltr'>ecclesias</span> <span class='ocrx_word' id='word_1_202' title='bbox 557 3475 692 3563; x_wconf 82' lang='lat' dir='ltr'>ignibus</span> <span class='ocrx_word' id='word_1_203' title='bbox 707 3475 881 3565; x_wconf 77' lang='lat' dir='ltr'>applicitis¹</span> <span class='ocrx_word' id='word_1_204' title='bbox 888 3476 1090 3539; x_wconf 90' lang='lat' dir='ltr'>succendere</span> <span class='ocrx_word' id='word_1_205' title='bbox 1102 3476 1337 3561; x_wconf 90' lang='lat' dir='ltr'>nequiverunt.</span> <span class='ocrx_word' id='word_1_206' title='bbox 1350 3476 1388 3538; x_wconf 92' lang='lat' dir='ltr'>ln</span> <span class='ocrx_word' id='word_1_207' title='bbox 1404 3476 1511 3540; x_wconf 91' lang='lat' dir='ltr'>eccle-</span> 
     </span>
     <span class='ocr_line' id='line_1_29' title="bbox 387 3577 1511 3665; baseline 0.001 -25"><span class='ocrx_word' id='word_1_208' title='bbox 387 3579 434 3642; x_wconf 90' lang='lat' dir='ltr'>sia</span> <span class='ocrx_word' id='word_1_209' title='bbox 446 3578 563 3643; x_wconf 90' lang='lat' dir='ltr'>Sancti</span> <span class='ocrx_word' id='word_1_210' title='bbox 582 3578 695 3642; x_wconf 76' lang='lat' dir='ltr'>basoli</span> <span class='ocrx_word' id='word_1_211' title='bbox 711 3601 788 3641; x_wconf 92' lang='lat' dir='ltr'>cum</span> <span class='ocrx_word' id='word_1_212' title='bbox 808 3578 945 3664; x_wconf 89' lang='lat' dir='ltr'>quidam</span> <span class='ocrx_word' id='word_1_213' title='bbox 959 3579 1198 3664; x_wconf 82' lang='lat' dir='ltr'>Hungarorum</span> <span class='ocrx_word' id='word_1_214' title='bbox 1213 3577 1394 3640; x_wconf 91' lang='lat' dir='ltr'>ascendere</span> <span class='ocrx_word' id='word_1_215' title='bbox 1410 3601 1511 3665; x_wconf 87' lang='lat' dir='ltr'>super</span> 
     </span>
     <span class='ocr_line' id='line_1_30' title="bbox 385 3679 1510 3766; baseline -0.001 -22"><span class='ocrx_word' id='word_1_216' title='bbox 385 3680 490 3744; x_wconf 90' lang='lat' dir='ltr'>altare</span> <span class='ocrx_word' id='word_1_217' title='bbox 506 3681 619 3743; x_wconf 89' lang='lat' dir='ltr'>nitens</span> <span class='ocrx_word' id='word_1_218' title='bbox 634 3703 747 3743; x_wconf 88' lang='lat' dir='ltr'>arcum</span> <span class='ocrx_word' id='word_1_219' title='bbox 764 3703 867 3743; x_wconf 92' lang='lat' dir='ltr'>manu</span> <span class='ocrx_word' id='word_1_220' title='bbox 886 3680 1117 3766; x_wconf 89' lang='lat' dir='ltr'>applicuisset,</span> <span class='ocrx_word' id='word_1_221' title='bbox 1135 3703 1257 3743; x_wconf 90' lang='lat' dir='ltr'>manus</span> <span class='ocrx_word' id='word_1_222' title='bbox 1273 3679 1347 3766; x_wconf 86' lang='lat' dir='ltr'>ejus</span> <span class='ocrx_word' id='word_1_223' title='bbox 1358 3680 1510 3744; x_wconf 85' lang='lat' dir='ltr'>adhaesit</span> 
     </span>
     <span class='ocr_line' id='line_1_31' title="bbox 384 3781 1515 3870; baseline 0.002 -26"><span class='ocrx_word' id='word_1_224' title='bbox 384 3781 500 3870; x_wconf 88' lang='lat' dir='ltr'>lapidi,</span> <span class='ocrx_word' id='word_1_225' title='bbox 523 3804 584 3845; x_wconf 89' lang='lat' dir='ltr'>nec</span> <span class='ocrx_word' id='word_1_226' title='bbox 602 3782 739 3845; x_wconf 91' lang='lat' dir='ltr'>omnino</span> <span class='ocrx_word' id='word_1_227' title='bbox 757 3782 867 3868; x_wconf 85' lang='lat' dir='ltr'>quivit</span> <span class='ocrx_word' id='word_1_228' title='bbox 887 3782 1001 3863; x_wconf 90' lang='lat' dir='ltr'>avelli,</span> <span class='ocrx_word' id='word_1_229' title='bbox 1017 3782 1124 3845; x_wconf 91' lang='lat' dir='ltr'>donec</span> <span class='ocrx_word' id='word_1_230' title='bbox 1149 3783 1269 3846; x_wconf 90' lang='lat' dir='ltr'>ceteris</span> <span class='ocrx_word' id='word_1_231' title='bbox 1292 3806 1414 3845; x_wconf 84' lang='lat' dir='ltr'>saxum</span> <span class='ocrx_word' id='word_1_232' title='bbox 1427 3783 1515 3846; x_wconf 89' lang='lat' dir='ltr'>circa</span> 
     </span>
     <span class='ocr_line' id='line_1_32' title="bbox 387 3883 1508 3971; baseline 0.001 -24"><span class='ocrx_word' id='word_1_233' title='bbox 387 3907 526 3948; x_wconf 88' lang='lat' dir='ltr'>manum</span> <span class='ocrx_word' id='word_1_234' title='bbox 539 3885 647 3970; x_wconf 91' lang='lat' dir='ltr'>ipsam</span> <span class='ocrx_word' id='word_1_235' title='bbox 660 3883 887 3948; x_wconf 90' lang='lat' dir='ltr'>incidentibus</span> <span class='ocrx_word' id='word_1_236' title='bbox 898 3892 1028 3970; x_wconf 90' lang='lat' dir='ltr'>partem</span> <span class='ocrx_word' id='word_1_237' title='bbox 1043 3885 1151 3971; x_wconf 90' lang='lat' dir='ltr'>ipsam</span> <span class='ocrx_word' id='word_1_238' title='bbox 1169 3885 1290 3970; x_wconf 86' lang='lat' dir='ltr'>lapidis</span> <span class='ocrx_word' id='word_1_239' title='bbox 1306 3885 1341 3947; x_wconf 93' lang='lat' dir='ltr'>in</span> <span class='ocrx_word' id='word_1_240' title='bbox 1357 3885 1508 3948; x_wconf 91' lang='lat' dir='ltr'>omnium</span> 
     </span>
     <span class='ocr_line' id='line_1_33' title="bbox 387 3986 1517 4073; baseline -0.001 -23"><span class='ocrx_word' id='word_1_241' title='bbox 387 3986 610 4050; x_wconf 91' lang='lat' dir='ltr'>admiratione</span> <span class='ocrx_word' id='word_1_242' title='bbox 628 3986 773 4071; x_wconf 85' lang='lat' dir='ltr'>perferre</span> <span class='ocrx_word' id='word_1_243' title='bbox 794 3994 970 4071; x_wconf 84' lang='lat' dir='ltr'>cogeretur</span> <span class='ocrx_word' id='word_1_244' title='bbox 986 3987 1152 4050; x_wconf 80' lang='lat' dir='ltr'>ethnicus</span> <span class='ocrx_word' id='word_1_245' title='bbox 1176 3987 1322 4065; x_wconf 89' lang='lat' dir='ltr'>Quidam</span> <span class='ocrx_word' id='word_1_246' title='bbox 1339 3987 1517 4073; x_wconf 84' lang='lat' dir='ltr'>presbyter</span> 
     </span>
     <span class='ocr_line' id='line_1_34' title="bbox 387 4087 1515 4174; baseline 0 -23"><span class='ocrx_word' id='word_1_247' title='bbox 387 4095 508 4174; x_wconf 90' lang='lat' dir='ltr'>captus</span> <span class='ocrx_word' id='word_1_248' title='bbox 530 4087 572 4152; x_wconf 87' lang='lat' dir='ltr'>ab</span> <span class='ocrx_word' id='word_1_249' title='bbox 601 4088 649 4151; x_wconf 89' lang='lat' dir='ltr'>eis</span> <span class='ocrx_word' id='word_1_250' title='bbox 669 4096 702 4151; x_wconf 92' lang='lat' dir='ltr'>et</span> <span class='ocrx_word' id='word_1_251' title='bbox 731 4087 878 4151; x_wconf 90' lang='lat' dir='ltr'>vinculis</span> <span class='ocrx_word' id='word_1_252' title='bbox 905 4088 1065 4174; x_wconf 87' lang='lat' dir='ltr'>alligatus</span> <span class='ocrx_word' id='word_1_253' title='bbox 1092 4089 1299 4152; x_wconf 83' lang='lat' dir='ltr'>revelatione</span> <span class='ocrx_word' id='word_1_254' title='bbox 1330 4089 1443 4152; x_wconf 90' lang='lat' dir='ltr'>divina</span> <span class='ocrx_word' id='word_1_255' title='bbox 1464 4096 1515 4151; x_wconf 93' lang='lat' dir='ltr'>est</span> 
     </span>
     <span class='ocr_line' id='line_1_35' title="bbox 387 4188 1514 4276; baseline -0.001 -23"><span class='ocrx_word' id='word_1_256' title='bbox 387 4188 561 4254; x_wconf 89' lang='lat' dir='ltr'>liberatus.</span> <span class='ocrx_word' id='word_1_257' title='bbox 577 4189 643 4267; x_wconf 87' lang='lat' dir='ltr'>Qui</span> <span class='ocrx_word' id='word_1_258' title='bbox 658 4197 837 4276; x_wconf 89' lang='lat' dir='ltr'>postquam</span> <span class='ocrx_word' id='word_1_259' title='bbox 855 4190 1000 4276; x_wconf 91' lang='lat' dir='ltr'>patriam</span> <span class='ocrx_word' id='word_1_260' title='bbox 1015 4190 1220 4276; x_wconf 91' lang='lat' dir='ltr'>domumque</span> <span class='ocrx_word' id='word_1_261' title='bbox 1236 4191 1383 4276; x_wconf 89' lang='lat' dir='ltr'>repetiit,</span> <span class='ocrx_word' id='word_1_262' title='bbox 1399 4190 1514 4253; x_wconf 86' lang='lat' dir='ltr'>retulit</span> 
     </span>
     <span class='ocr_line' id='line_1_36' title="bbox 387 4290 1512 4378; baseline -0.001 -24"><span class='ocrx_word' id='word_1_263' title='bbox 387 4291 422 4354; x_wconf 92' lang='lat' dir='ltr'>in</span> <span class='ocrx_word' id='word_1_264' title='bbox 431 4291 754 4378; x_wconf 87' lang='lat' dir='ltr'>eademcaptivitate</span> <span class='ocrx_word' id='word_1_265' title='bbox 764 4290 867 4355; x_wconf 86' lang='lat' dir='ltr'>luisse</span> <span class='ocrx_word' id='word_1_266' title='bbox 876 4293 1081 4356; x_wconf 90' lang='lat' dir='ltr'>monachum</span> <span class='ocrx_word' id='word_1_267' title='bbox 1097 4291 1279 4378; x_wconf 88' lang='lat' dir='ltr'>quendam,</span> <span class='ocrx_word' id='word_1_268' title='bbox 1298 4291 1512 4355; x_wconf 90' lang='lat' dir='ltr'>Hucbaldum</span> 
     </span>
     <span class='ocr_line' id='line_1_37' title="bbox 388 4392 1511 4481; baseline -0.001 -25"><span class='ocrx_word' id='word_1_269' title='bbox 388 4393 537 4472; x_wconf 92' lang='lat' dir='ltr'>nomine,</span> <span class='ocrx_word' id='word_1_270' title='bbox 555 4392 757 4458; x_wconf 90' lang='lat' dir='ltr'>Orbacensis</span> <span class='ocrx_word' id='word_1_271' title='bbox 775 4393 939 4471; x_wconf 90' lang='lat' dir='ltr'>coenobii,</span> <span class='ocrx_word' id='word_1_272' title='bbox 954 4417 1053 4481; x_wconf 90' lang='lat' dir='ltr'>quem</span> <span class='ocrx_word' id='word_1_273' title='bbox 1072 4394 1248 4457; x_wconf 91' lang='lat' dir='ltr'>multoties</span> <span class='ocrx_word' id='word_1_274' title='bbox 1264 4393 1391 4456; x_wconf 90' lang='lat' dir='ltr'>ethnici</span> <span class='ocrx_word' id='word_1_275' title='bbox 1407 4393 1511 4455; x_wconf 92' lang='lat' dir='ltr'>truci-</span> 
     </span>
     <span class='ocr_line' id='line_1_38' title="bbox 389 4495 1509 4582; baseline 0.001 -24"><span class='ocrx_word' id='word_1_276' title='bbox 389 4495 468 4559; x_wconf 91' lang='lat' dir='ltr'>dare</span> <span class='ocrx_word' id='word_1_277' title='bbox 502 4495 696 4576; x_wconf 89' lang='lat' dir='ltr'>voluerunt,</span> <span class='ocrx_word' id='word_1_278' title='bbox 729 4503 762 4560; x_wconf 90' lang='lat' dir='ltr'>et</span> <span class='ocrx_word' id='word_1_279' title='bbox 786 4518 921 4559; x_wconf 87' lang='lat' dir='ltr'>carnem</span> <span class='ocrx_word' id='word_1_280' title='bbox 944 4495 1017 4582; x_wconf 73' lang='lat' dir='ltr'>ejus</span> <span class='ocrx_word' id='word_1_281' title='bbox 1041 4495 1189 4558; x_wconf 88' lang='lat' dir='ltr'>incidere</span> <span class='ocrx_word' id='word_1_282' title='bbox 1221 4517 1287 4557; x_wconf 92' lang='lat' dir='ltr'>non</span> <span class='ocrx_word' id='word_1_283' title='bbox 1318 4495 1509 4560; x_wconf 87' lang='lat' dir='ltr'>valuerunt.</span> 
     </span>
    </p>
   </div>
   <div class='ocr_carea' id='block_1_3' title="bbox 0 0 1904 5642">
    <p class='ocr_par' dir='ltr' id='par_1_4' title="bbox 0 0 1904 5642">
     <span class='ocr_line' id='line_1_39' title="bbox 0 0 1904 5642; baseline 0 1"><span class='ocrx_word' id='word_1_284' title='bbox 0 0 1904 5642; x_wconf 95' lang='lat' dir='ltr'> </span> 
     </span>
    </p>
   </div>
  </div>
 </body>
</html>
