3800 5642
843 691 1030 733 1111111111
1435 672 1499 736 211

294 833 333 889 1.,
375 816 492 903 Magni
512 814 677 901 expetivit
704 813 876 895 sullragia.
900 812 1010 891 Quam
1031 812 1088 876 ille
1117 823 1310 877 reverenter
1336 816 1496 900 suscepit,

295 911 336 955 ⁴⁵·
373 927 406 983 et
421 921 556 982 demum
575 917 615 980 de
630 916 716 1002 regis
733 915 900 978 erectione
917 923 1061 978 tractare
1075 916 1174 1000 cepit.
1191 917 1294 978 Porro
1312 917 1500 980 Normanni

369 1022 457 1085 filios
482 1020 572 1106 regis
587 1019 668 1082 -dari
694 1018 758 1080 sibi
784 1017 920 1080 obsides
945 1017 1154 1103 quesierunt,
1176 1041 1238 1081 nec
1261 1019 1359 1082 aliter
1384 1043 1496 1105 regem

372 1148 407 1187 se
427 1123 628 1187 dimissuros
648 1127 876 1184 asseruerunt.
900 1119 1048 1184 Mittitur
1063 1120 1104 1182 ad
1126 1122 1278 1205 reginam
1295 1145 1354 1207 pro
1373 1123 1496 1207 pueris.

374 1226 436 1289 1111
452 1225 616 1288 minorem
633 1224 722 1306 regis
735 1223 842 1284 lilium
856 1222 1005 1300 mittenS,
1027 1216 1187 1308 majorem
1207 1223 1349 1307 denegat
1373 1247 1408 1286 se
1427 1247 1500 1287 esse

373 1329 565 1391 missuram.
591 1327 699 1389 Datur
721 1325 825 1410 igitur
845 1323 943 1386 obses
972 1325 1059 1408 regis
1082 1325 1192 1387 minor
1209 1326 1310 1404 lilius,
1331 1335 1364 1389 et
1384 1334 1420 1389 ut
1443 1350 1499 1388 rex

366 1431 575 1509 dimittatur,
602 1427 707 1490 Wido
733 1428 833 1490 etiam
858 1427 1117 1489 Suessionorum
1141 1428 1319 1513 episcopus
1347 1452 1419 1491 sese
1442 1452 1500 1514 pro

373 1556 449 1618 rege
480 1531 633 1594 obsidem
664 1530 768 1592 dedit.
798 1531 889 1591 Tunc
923 1552 981 1592 rex
1013 1529 1222 1615 sepedictum
1251 1531 1500 1594 adolescentem

374 1635 578 1698 Richardum
599 1633 639 1695 de
663 1641 751 1695 terra
774 1631 1042 1694 Normannorum
1065 1633 1253 1709 revestivit,
1272 1641 1304 1696 et
1320 1633 1368 1696 sic
1386 1658 1402 1695 a
1417 1634 1501 1696 Nor-

373 1737 507 1800 mannis
533 1736 681 1799 recessit.
712 1735 811 1820 Hugo
837 1757 916 1796 vero
943 1734 1090 1810 Magnus
1115 1758 1226 1820 regem
1252 1759 1270 1797 a
1297 1735 1501 1798 Normannis

372 1839 574 1924 suscipiens
601 1859 813 1923 nequaquam
843 1836 984 1899 liberum
1006 1837 1097 1898 abire
1113 1837 1285 1923 permisit,
1306 1837 1365 1899 sed
1384 1837 1501 1900 comiti

372 1940 546 2005 Tetbaudo
571 1963 631 2003 suo
655 1940 751 2002 illum
777 1939 935 2001 conmisit
966 1939 1124 2028 vassallo.
1156 1938 1220 2015 Qui
1250 1940 1379 2003 tamdiu
1403 1941 1498 2002 illum

376 2043 528 2107 custodia
569 2051 701 2127 septum
740 2043 859 2121 tenuit,
894 2042 1000 2103 donec
1030 2064 1085 2103 rex
1117 2050 1267 2120 montem
1299 2042 1499 2105 Laudunum

377 2145 514 2228 Hugoni
532 2145 658 2229 Magno
679 2143 871 2206 habendum
893 2144 1071 2206 concessit.

342 2298 347 2309 .
423 2248 505 2310 Post
520 2248 582 2309 hos
606 2254 719 2310 autem
738 2246 809 2309 dies
826 2244 993 2321 Theotilo,
1016 2245 1201 2308 Turonicae
1222 2245 1314 2308 urbis
1337 2268 1501 2308 veneran-

379 2350 442 2413 dus
463 2349 708 2435 episcopuS,ad
729 2349 928 2411 laudunum
948 2356 1098 2410 montem
1119 2371 1217 2411 causa
1239 2350 1397 2431 exigente
1423 2371 1500 2433 pro-

377 2452 521 2539 peravit.
540 2452 605 2516 Sed
622 2452 701 2513 dum
716 2451 757 2513 ad
777 2451 911 2536 propria
929 2457 1104 2526 remearet,
1126 2450 1159 2512 in
1178 2450 1251 2536 ipso
1268 2450 1386 2513 itinere
1404 2450 1498 2535 gravi

376 2554 466 2641 cepit
494 2553 685 2639 egritudine
715 2553 866 2616 delicere.
894 2552 937 2615 Et
962 2576 1039 2616 cum
1068 2551 1138 2635 jam
1165 2553 1325 2615 ultimum
1352 2552 1501 2616 exalaret

377 2656 546 2742 spiritum,
569 2656 725 2741 apparuit.
741 2656 874 2737 signum
897 2655 1066 2740 quoddam
1094 2655 1232 2717 luminis
1252 2678 1311 2740 per
1330 2679 1407 2719 aera
1433 2655 1501 2717 dis-

376 2781 525 2839 currenS,
544 2758 697 2821 cubitum
719 2757 942 2842 longitudinis
964 2756 1085 2820 habere
1106 2759 1229 2836 visum,
1253 2758 1349 2840 cujus
1375 2758 1501 2821 lumine

376 2861 418 2924 ad
440 2860 659 2946 depellendas
685 2860 794 2922 noctis
818 2858 976 2921 tenebras
995 2860 1201 2923 sufficienter
1229 2860 1398 2946 perfuncti
1424 2869 1503 2924 sunt

377 2963 434 3049 qui
464 2961 564 3025 funus
595 2962 668 3048 ejus
695 2961 918 3024 deducebant.
947 2962 1087 3047 Talique
1114 2963 1213 3047 potiti
1238 2963 1414 3035 solamine,
1445 2986 1504 3047 per

377 3063 554 3128 milia-fere
566 3064 708 3127 ducenta
729 3064 930 3126 Turonicam
941 3087 1049 3149 usque
1067 3088 1189 3149 corpus
1203 3065 1275 3149 ejus
1293 3065 1503 3149 pertulerunt

377 3168 419 3231 ad
435 3167 566 3230 urbem.
582 3166 704 3252 Sicque
720 3166 754 3227 in
766 3166 1008 3228 monasterium
1021 3166 1136 3229 Sancti
1152 3167 1290 3234 1111111,
1309 3167 1404 3253 quod.
1414 3167 1501 3229 idem

379 3271 430 3332 vir
450 3276 587 3332 sanctus
612 3291 744 3331 summa
772 3268 967 3332 instituerat
988 3268 1166 3353 religione,
1182 3268 1279 3352 juxta
1309 3269 1502 3356 sepulcrum

379 3371 495 3435 domni
518 3370 646 3436 Odonis
673 3370 805 3433 abbatis
830 3378 1023 3433 reverenter
1047 3378 1098 3433 est
1122 3372 1292 3448 humatuS,
1319 3379 1350 3433 et
1382 3371 1504 3433 exinde

379 3474 492 3561 ipsum
505 3473 671 3558 templum
692 3473 817 3535 divinis
835 3473 1006 3535 miraculis
1028 3473 1227 3536 illustratur.

326 3577 348 3618 7·
423 3578 523 3639 Anno
535 3574 681 3660 denique
697 3575 827 3638 decimo
840 3575 934 3656 regni
946 3574 1132 3659 Lugdovici
1144 3575 1215 3660 ipse
1228 3598 1284 3637 rex
1296 3574 1504 3660 Aquisgrani

381 3678 505 3764 palatio
514 3672 736 3740 cum'Othone
748 3678 950 3763 imperatore
965 3685 1117 3739 sanctum
1129 3677 1258 3740 Pascha
1269 3678 1461 3756 celebravit,
1472 3685 1504 3740 et
1590 3683 1592 3687 ⁴

382 3780 423 3843 ab
445 3803 483 3843 eo
508 3778 684 3862 magnifice
701 3787 897 3842 muneratus
918 3779 1337 3843 inl⁴'rancia111remeavit.
1360 3780 1504 3843 Proinde

382 3905 439 3946 rex
471 3881 687 3966 Lugdovicus
712 3904 800 3944 anno
830 3881 923 3965 regni
950 3881 1001 3943 sui
1028 3882 1125 3944 tertio
1148 3882 1278 3945 decimo
1304 3882 1504 3946 laudunum

349 4036 354 4045 .
379 3983 584 4068 improvisus
609 3983 814 4067 aggreditur,
834 3990 865 4045 et
888 3991 1051 4046 nocturno
1068 3984 1207 4046 silencio
1228 4007 1323 4046 muro
1340 3985 1505 4048 machinis

383 4086 527 4149 latenter
545 4108 685 4147 ascenso
706 4093 739 4147 et
759 4086 879 4147 dirutis
898 4094 1070 4171 portarum
1092 4086 1187 4163 serie,
1211 4087 1374 4172 oppidum
1394 4087 1505 4172 ingre-

380 4187 481 4251 ditur.
509 4187 640 4249 Turrim
667 4194 791 4266 tamcn,
817 4211 918 4272 quam
943 4188 1015 4274 ipse
1042 4211 1146 4273 nuper
1170 4189 1211 4250 ad
1243 4197 1373 4274 portam
1403 4190 1504 4252 castri

380 4288 591 4362 fundaverat,
603 4312 720 4374 capere
732 4311 796 4350 non
817 4289 945 4374 potuit,
965 4283 1065 4374 quam
1083 4290 1157 4352 ideo
1172 4314 1189 4351 a
1201 4291 1338 4353 civitate
1352 4291 1502 4370 seclusit,

381 4390 482 4455 ducto
507 4391 695 4454 intresecus
721 4414 827 4454 muro.
851 4391 949 4474 Hugo
976 4414 1054 4454 vero
1083 4393 1145 4454 hoc
1165 4401 1326 4477 conperto
1351 4392 1427 4454 ilico
1445 4392 1504 4455 illo

381 4492 494 4570 alluit3
520 4500 553 4556 et
576 4492 796 4557 introducens
819 4494 851 4555 in
880 4516 990 4555 arcem
1020 4495 1178 4557 custodes
1208 4516 1284 4556 cum
1318 4494 1505 4558 sufficiente
