3800 5642
383 704 446 770 188
704 756 706 761 s
849 727 1038 772 Arrnnnmns

382 847 657 934 cumpositasque
674 847 774 912 villas
790 850 951 913 ecclesiae
972 848 1099 913 crebris
1126 848 1355 936 depredantur
1374 850 1517 917 infesta·

381 949 542 1014 tionibus
559 949 687 1013 Interea
702 973 761 1015 rex
775 951 994 1032 Ludowicus,
1007 952 1193 1016 accersitus
1206 951 1249 1015 ab
1265 953 1410 1017 Artoldo
1426 954 1517 1042 epis·

383 1074 479 1137 copo,
512 1051 712 1115 Laudunum
738 1053 843 1134 vonit,
874 1060 908 1118 et
934 1075 1045 1117 arcem
1072 1076 1197 1118 novam
1225 1053 1310 1117 inibi
1339 1077 1449 1141 nuper
1473 1055 1516 1119 ab

382 1153 560 1217 Heriberto
594 1153 720 1218 editam
756 1153 863 1218 vallat
895 1154 1084 1235 obsidione,
1123 1155 1309 1242 multisque
1340 1163 1513 1244 temptato

382 1254 548 1318 machinis
568 1278 664 1319 muro
682 1256 885 1343 tandemque
906 1257 1106 1322 suffossione
1134 1257 1258 1338 diruto,
1278 1281 1405 1344 magno
1421 1259 1515 1347 capit

381 1358 549 1445 irruptum
568 1357 693 1424 labore.
715 1358 948 1423 Corbanacum
973 1381 1107 1445 quoque
1127 1367 1289 1439 castrum,
1312 1359 1404 1447 quod
1419 1367 1518 1447 pater

380 1460 454 1546 ejus
466 1460 590 1524 Sancto
602 1460 757 1546 Remigio
770 1461 955 1524 tradiderat
971 1460 1129 1547 quodque
1150 1461 1217 1525 sibi
1229 1462 1389 1526 monachi
1404 1462 1516 1549 ipsius

381 1561 589 1641 monasterii,
617 1563 867 1642 commiserant,
895 1563 937 1627 ab
963 1562 1133 1628 Heriberti
1158 1561 1322 1648 subjectis
1350 1564 1513 1628 bellando

382 1664 523 1751 recepit3
535 1670 568 1728 et
583 1664 737 1728 homines
754 1664 936 1744 Heriberti,
948 1664 1009 1750 qui
1024 1671 1119 1729 erant
1134 1666 1169 1728 in
1184 1688 1224 1729 eo
1234 1666 1514 1753 comprehensos,

381 1774 523 1852 rogante
538 1766 683 1830 Artoldo
698 1767 845 1853 presule,
868 1765 983 1830 salvos
1001 1766 1092 1831 abire
1106 1767 1273 1855 permisit.
1589 1759 1591 1763 ¹

382 1988 451 2052 Lrn.
478 1988 535 2068 lV,
571 2009 599 2053 c.
629 2010 746 2054 xxvnr.
775 2011 815 2052 on
848 2008 1047 2053 nxrnnsronn
1076 2010 1176 2054 nourr
1200 2009 1338 2054 neroum
1368 2010 1408 2052 an
1434 2011 1518 2055 rnen

874 2116 1021 2159 auriensi.

240 2290 371 2375 Annales,
430 2277 529 2363 Hugo
540 2276 707 2363 princeps,
720 2277 809 2340 lilius
821 2277 988 2356 Rotberti,
998 2275 1126 2362 junctis
1138 2276 1201 2340 sibi
1210 2276 1416 2363 quibusdam
1428 2278 1519 2365 epis·

223 2357 489 2476 pagiioio-refflpls
500 2386 570 2442 tam
581 2379 740 2442 Franciae
752 2402 852 2465 quam
867 2379 1095 2464 burgundiae,
1109 2402 1186 2442 cum
1200 2379 1379 2443 Heriberto
1395 2379 1520 2443 comite

386 2488 420 2544 et
443 2480 620 2544 Willelmo
645 2481 942 2544 Nordmannorum
972 2481 1122 2567 principe
1153 2482 1358 2545 Remensem
1386 2481 1520 2546 obsidet
1608 2524 1609 2528 =

386 2581 517 2660 urbem,
540 2590 701 2669 sextaque
722 2583 909 2645 obsidionis
929 2583 995 2659 die,
1018 2583 1194 2647 deserente
1210 2584 1303 2646 omni
1323 2606 1410 2669 pene
1430 2585 1519 2647 mili·

385 2685 449 2746 tari
471 2707 574 2747 manu
600 2684 782 2749 Artoldum
805 2684 1013 2771 episcopum,
1040 2691 1073 2749 et
1097 2685 1139 2748 ad
1166 2684 1383 2749 Heribertum
1404 2693 1517 2750 trans-

386 2794 499 2866 eunte,
519 2786 608 2849 idem
629 2809 741 2850 comes
765 2787 964 2851 lleribertus
988 2787 1106 2851 urbem
1127 2787 1326 2873 ingreditur.
1350 2788 1520 2852 Artoldus

386 2889 499 2975 presul
519 2888 561 2950 ad
572 2889 734 2953 Sanctum
756 2888 1169 2974 Remigium,evocatione
1185 2911 1363 2974 procerum
1381 2897 1415 2953 et
1426 2890 1518 2976 epis·
1584 2967 1587 2973 μ

387 3014 547 3076 coporum
572 2989 754 3077 profectus,
775 3013 959 3077 persuasus
984 3000 1035 3055 est
1050 2992 1105 3055 vel
1122 2991 1326 3055 conterritus
1350 3015 1368 3054 a
1389 2991 1518 3079 princi-

387 3093 487 3180 pibus
504 3093 665 3181 episcopii
682 3116 717 3156 se
740 3094 975 3179 procuratione
991 3095 1045 3157 vel
1067 3101 1235 3179 potestate
1251 3093 1419 3174 abdicare,
1441 3117 1521 3158 oon·

387 3219 547 3282 cessaque
570 3196 634 3260 sibi
658 3195 790 3259 abbatia
815 3194 931 3260 Sancti
956 3195 1068 3259 Basoli
1089 3202 1123 3260 et
1140 3196 1326 3259 Avennaco
1345 3204 1519 3260 monaste-

387 3298 448 3379 rio,
475 3298 518 3362 ad
541 3298 703 3362 Sanctum
735 3298 896 3361 Basolum
928 3305 1199 3361 commoraturus
1229 3297 1406 3378 abscessit,
1441 3304 1518 3385 post

387 3423 493 3464 annos
523 3409 597 3465 octo
625 3409 658 3465 et
685 3423 818 3464 menses
851 3423 910 3463 sex
940 3400 974 3463 in
1004 3400 1203 3486 episcopatu
1231 3406 1382 3465 exactos.
1415 3400 1518 3486 Hugo

387 3510 421 3566 et
467 3502 667 3567 lleribertus
712 3503 816 3566 locuti
859 3525 934 3566 cum
981 3501 1185 3590 quibusdam
1235 3501 1518 3566 Lothariensibus

388 3605 430 3668 ad
458 3604 669 3668 obsidionem
709 3605 864 3668 Lauduni
905 3628 982 3667 cum
1023 3603 1201 3668 Willelmo
1240 3602 1515 3690 proficiscuntur,

388 3707 504 3770 relicto
529 3707 643 3770 Remis
668 3707 813 3791 Hugone
838 3707 993 3785 diacono,
1020 3706 1190 3769 Heriberti
1211 3704 1292 3785 lilio,
1312 3705 1519 3794 jampridem

388 3807 429 3872 ad
445 3809 673 3893 episcopatum
689 3808 796 3893 ipsius
813 3808 905 3871 urbis
917 3815 1070 3882 evocato,
1088 3809 1212 3895 quique
1224 3807 1323 3872 tertio
1338 3814 1519 3896 postquam

389 3932 563 3995 regressus
586 3918 638 3974 est
659 3932 774 3973 mense
801 3910 968 3997 presbiter
993 3933 1012 3972 a
1034 3910 1183 3974 Widone
1212 3909 1416 3974 Suessonico
1445 3933 1519 3997 pre·

388 4010 461 4075 sule
482 4010 655 4074 ordinatus
680 4019 743 4090 est,
770 4012 914 4099 expletis
936 4018 1117 4097 postquam
1141 4011 1250 4075 fuerat
1272 4011 1400 4076 electus
1420 4011 1519 4075 annis

388 4113 593 4200 quindecim,
612 4113 703 4199 quod
718 4113 938 4177 Antisiodoro
952 4136 1165 4178 commorans
1181 4120 1308 4198 egerat,
1328 4114 1518 4177 litterarum
1586 4108 1590 4119 '

388 4217 510 4281 studiis
530 4222 725 4300 occupatuS,
740 4216 829 4301 apud
845 4216 1029 4281 Widonem
1042 4216 1149 4301 ipsius
1164 4215 1258 4279 urbis
1277 4215 1479 4294 antistitem,
1499 4238 1519 4278 a

388 4342 455 4407 quo
473 4327 507 4384 et
519 4318 681 4382 diaconus
692 4318 867 4382 ordinatus
878 4318 996 4383 luerat.
1011 4317 1097 4381 Nam
1118 4326 1248 4382 ceteros
1259 4317 1435 4382 inferiores
1445 4340 1520 4404 gra·
1535 4377 1537 4381 .

389 4420 452 4484 dus
472 4420 513 4485 ab
529 4420 673 4484 Abbone
691 4419 892 4483 Suessonico
916 4420 1047 4507 presule
1066 4420 1181 4483 llemis
1203 4425 1390 4508 acceperat.
1411 4419 1520 4484 Ludo·

389 4521 478 4586 wico
491 4545 569 4607 rege
585 4528 662 4607 post
676 4522 793 4586 haeoa
815 4522 1009 4609 Burgundia
1027 4545 1190 4609 regresso,
1206 4521 1374 4587 Artoldus
1392 4521 1521 4608 episco-
