<?xml version="1.0" encoding="UTF-8"?>
<!DOCTYPE html PUBLIC "-//W3C//DTD XHTML 1.0 Transitional//EN"
    "http://www.w3.org/TR/xhtml1/DTD/xhtml1-transitional.dtd">
<html xmlns="http://www.w3.org/1999/xhtml" xml:lang="en" lang="en">
 <head>
  <title>
</title>
<meta http-equiv="Content-Type" content="text/html;charset=utf-8" />
  <meta name='ocr-system' content='tesseract 3.04.00' />
  <meta name='ocr-capabilities' content='ocr_page ocr_carea ocr_par ocr_line ocrx_word'/>
</head>
<body>
  <div class='ocr_page' id='page_1' title='image "./textesrelatifsa00thgoog_0253.png"; bbox 0 0 3800 5642; ppageno 0'>
   <div class='ocr_carea' id='block_1_1' title="bbox 389 638 1034 703">
    <p class='ocr_par' dir='ltr' id='par_1_1' title="bbox 389 638 1034 703">
     <span class='ocr_line' id='line_1_1' title="bbox 389 638 1034 703; baseline 0 -8"><span class='ocrx_word' id='word_1_1' title='bbox 389 638 452 703; x_wconf 69' lang='lat'>174</span> <span class='ocrx_word' id='word_1_2' title='bbox 846 652 1034 696; x_wconf 74' lang='lat' dir='ltr'>nrrsnorcus</span> 
     </span>
    </p>
   </div>
   <div class='ocr_carea' id='block_1_2' title="bbox 380 772 1519 867">
    <p class='ocr_par' dir='ltr' id='par_1_2' title="bbox 380 772 1519 867">
     <span class='ocr_line' id='line_1_2' title="bbox 380 772 1519 867; baseline -0.009 -22"><span class='ocrx_word' id='word_1_3' title='bbox 380 781 529 867; x_wconf 59' lang='lat' dir='ltr'>juraress,</span> <span class='ocrx_word' id='word_1_4' title='bbox 551 773 783 863; x_wconf 69' lang='lat' dir='ltr'>presbiter-osb</span> <span class='ocrx_word' id='word_1_5' title='bbox 808 773 910 838; x_wconf 90' lang='lat' dir='ltr'>etiam</span> <span class='ocrx_word' id='word_1_6' title='bbox 935 797 1013 838; x_wconf 94' lang='lat' dir='ltr'>cum</span> <span class='ocrx_word' id='word_1_7' title='bbox 1037 773 1172 837; x_wconf 83' lang='lat' dir='ltr'>leminis</span> <span class='ocrx_word' id='word_1_8' title='bbox 1196 773 1361 853; x_wconf 87' lang='lat' dir='ltr'>habitare,</span> <span class='ocrx_word' id='word_1_9' title='bbox 1381 780 1415 837; x_wconf 94' lang='lat' dir='ltr'>et</span> <span class='ocrx_word' id='word_1_10' title='bbox 1436 772 1519 859; x_wconf 87' lang='lat' dir='ltr'>quia</span> 
     </span>
    </p>
   </div>
   <div class='ocr_carea' id='block_1_3' title="bbox 384 880 1529 3928">
    <p class='ocr_par' dir='ltr' id='par_1_3' title="bbox 384 880 1520 1172">
     <span class='ocr_line' id='line_1_3' title="bbox 384 880 1520 974; baseline -0.008 -23"><span class='ocrx_word' id='word_1_11' title='bbox 384 887 478 974; x_wconf 84' lang='lat' dir='ltr'>digni</span> <span class='ocrx_word' id='word_1_12' title='bbox 497 908 565 947; x_wconf 93' lang='lat' dir='ltr'>non</span> <span class='ocrx_word' id='word_1_13' title='bbox 581 889 696 946; x_wconf 85' lang='lat' dir='ltr'><strong>essent</strong></span> <span class='ocrx_word' id='word_1_14' title='bbox 716 888 911 945; x_wconf 88' lang='lat' dir='ltr'>sanctorum</span> <span class='ocrx_word' id='word_1_15' title='bbox 931 880 1091 967; x_wconf 80' lang='lat' dir='ltr'>reliquias</span> <span class='ocrx_word' id='word_1_16' title='bbox 1111 888 1319 946; x_wconf 89' lang='lat' dir='ltr'>contrectare</span> <span class='ocrx_word' id='word_1_17' title='bbox 1336 880 1397 968; x_wconf 90' lang='lat' dir='ltr'>qui</span> <span class='ocrx_word' id='word_1_18' title='bbox 1420 880 1520 966; x_wconf 88' lang='lat' dir='ltr'>ipsas</span> 
     </span>
     <span class='ocr_line' id='line_1_4' title="bbox 385 982 1520 1076; baseline -0.007 -24"><span class='ocrx_word' id='word_1_19' title='bbox 385 1010 519 1076; x_wconf 89' lang='lat' dir='ltr'>quoque</span> <span class='ocrx_word' id='word_1_20' title='bbox 539 987 670 1050; x_wconf 78' lang='lat' dir='ltr'>litteras</span> <span class='ocrx_word' id='word_1_21' title='bbox 698 984 904 1070; x_wconf 83' lang='lat' dir='ltr'>ignorarent,</span> <span class='ocrx_word' id='word_1_22' title='bbox 930 1005 1015 1068; x_wconf 91' lang='lat' dir='ltr'>quas</span> <span class='ocrx_word' id='word_1_23' title='bbox 1039 983 1210 1067; x_wconf 82' lang='lat' dir='ltr'>legebant.</span> <span class='ocrx_word' id='word_1_24' title='bbox 1233 982 1349 1062; x_wconf 87' lang='lat' dir='ltr'>Quaec</span> <span class='ocrx_word' id='word_1_25' title='bbox 1371 982 1520 1046; x_wconf 86' lang='lat' dir='ltr'>veniens</span> 
     </span>
     <span class='ocr_line' id='line_1_5' title="bbox 388 1083 1358 1172; baseline -0.007 -18"><span class='ocrx_word' id='word_1_26' title='bbox 388 1090 503 1155; x_wconf 89' lang='lat' dir='ltr'>retulit</span> <span class='ocrx_word' id='word_1_27' title='bbox 520 1089 628 1152; x_wconf 89' lang='lat' dir='ltr'>eidem</span> <span class='ocrx_word' id='word_1_28' title='bbox 649 1086 787 1171; x_wconf 88' lang='lat' dir='ltr'>Hugoni</span> <span class='ocrx_word' id='word_1_29' title='bbox 811 1085 903 1170; x_wconf 93' lang='lat' dir='ltr'>quod</span> <span class='ocrx_word' id='word_1_30' title='bbox 927 1083 992 1147; x_wconf 93' lang='lat' dir='ltr'>sibi</span> <span class='ocrx_word' id='word_1_31' title='bbox 1012 1084 1120 1149; x_wconf 87' lang='lat' dir='ltr'>fuerat</span> <span class='ocrx_word' id='word_1_32' title='bbox 1143 1084 1358 1172; x_wconf 84' lang='lat' dir='ltr'>imperatum.</span> 
     </span>
    </p>

    <p class='ocr_par' dir='ltr' id='par_1_4' title="bbox 388 1186 1529 3928">
     <span class='ocr_line' id='line_1_6' title="bbox 432 1186 1520 1274; baseline -0.005 -20"><span class='ocrx_word' id='word_1_33' title='bbox 432 1191 561 1255; x_wconf 81' lang='lat' dir='ltr'>Deinde</span> <span class='ocrx_word' id='word_1_34' title='bbox 582 1190 616 1252; x_wconf 91' lang='lat' dir='ltr'>in</span> <span class='ocrx_word' id='word_1_35' title='bbox 643 1189 715 1274; x_wconf 90' lang='lat' dir='ltr'>ipsa</span> <span class='ocrx_word' id='word_1_36' title='bbox 748 1193 846 1251; x_wconf 89' lang='lat' dir='ltr'>nocte</span> <span class='ocrx_word' id='word_1_37' title='bbox 881 1186 1117 1274; x_wconf 83' lang='lat' dir='ltr'>Epiphaniaed</span> <span class='ocrx_word' id='word_1_38' title='bbox 1145 1187 1230 1251; x_wconf 93' lang='lat' dir='ltr'>vidit</span> <span class='ocrx_word' id='word_1_39' title='bbox 1260 1209 1296 1251; x_wconf 93' lang='lat' dir='ltr'>se</span> <span class='ocrx_word' id='word_1_40' title='bbox 1327 1209 1401 1251; x_wconf 89' lang='lat' dir='ltr'>esse</span> <span class='ocrx_word' id='word_1_41' title='bbox 1425 1186 1520 1272; x_wconf 93' lang='lat' dir='ltr'>apud</span> 
     </span>
     <span class='ocr_line' id='line_1_7' title="bbox 388 1287 1520 1376; baseline -0.008 -16"><span class='ocrx_word' id='word_1_42' title='bbox 388 1295 550 1360; x_wconf 89' lang='lat' dir='ltr'>Sanctum</span> <span class='ocrx_word' id='word_1_43' title='bbox 565 1290 770 1376; x_wconf 84' lang='lat' dir='ltr'>Remigium,</span> <span class='ocrx_word' id='word_1_44' title='bbox 782 1288 936 1375; x_wconf 84' lang='lat' dir='ltr'>viditque</span> <span class='ocrx_word' id='word_1_45' title='bbox 951 1287 998 1351; x_wconf 90' lang='lat' dir='ltr'>ibi</span> <span class='ocrx_word' id='word_1_46' title='bbox 1011 1290 1136 1352; x_wconf 91' lang='lat' dir='ltr'>multos</span> <span class='ocrx_word' id='word_1_47' title='bbox 1154 1289 1315 1354; x_wconf 86' lang='lat' dir='ltr'>collectos</span> <span class='ocrx_word' id='word_1_48' title='bbox 1325 1288 1471 1353; x_wconf 89' lang='lat' dir='ltr'>clericos</span> <span class='ocrx_word' id='word_1_49' title='bbox 1486 1294 1520 1352; x_wconf 91' lang='lat' dir='ltr'>et</span> 
     </span>
     <span class='ocr_line' id='line_1_8' title="bbox 388 1390 1520 1477; baseline -0.007 -17"><span class='ocrx_word' id='word_1_50' title='bbox 388 1396 527 1461; x_wconf 77' lang='lat' dir='ltr'>calicem</span> <span class='ocrx_word' id='word_1_51' title='bbox 544 1393 608 1457; x_wconf 93' lang='lat' dir='ltr'>sibi</span> <span class='ocrx_word' id='word_1_52' title='bbox 625 1392 708 1470; x_wconf 88' lang='lat' dir='ltr'>dari,</span> <span class='ocrx_word' id='word_1_53' title='bbox 726 1390 823 1477; x_wconf 91' lang='lat' dir='ltr'>quasi</span> <span class='ocrx_word' id='word_1_54' title='bbox 833 1390 875 1453; x_wconf 90' lang='lat' dir='ltr'>ad</span> <span class='ocrx_word' id='word_1_55' title='bbox 892 1390 1100 1470; x_wconf 84' lang='lat' dir='ltr'>offerendum</span> <span class='ocrx_word' id='word_1_56' title='bbox 1116 1391 1293 1456; x_wconf 89' lang='lat' dir='ltr'>sacerdoti.</span> <span class='ocrx_word' id='word_1_57' title='bbox 1310 1391 1419 1470; x_wconf 87' lang='lat' dir='ltr'>Quem</span> <span class='ocrx_word' id='word_1_58' title='bbox 1439 1412 1520 1454; x_wconf 90' lang='lat' dir='ltr'>cum</span> 
     </span>
     <span class='ocr_line' id='line_1_9' title="bbox 388 1492 1521 1579; baseline -0.006 -18"><span class='ocrx_word' id='word_1_59' title='bbox 388 1493 914 1579; x_wconf 83' lang='lat' dir='ltr'>obtulissetunieorum,aspexit</span> <span class='ocrx_word' id='word_1_60' title='bbox 923 1492 1008 1556; x_wconf 92' lang='lat' dir='ltr'>duos</span> <span class='ocrx_word' id='word_1_61' title='bbox 1017 1493 1150 1579; x_wconf 87' lang='lat' dir='ltr'>exipsis</span> <span class='ocrx_word' id='word_1_62' title='bbox 1159 1493 1290 1557; x_wconf 90' lang='lat' dir='ltr'>clericis</span> <span class='ocrx_word' id='word_1_63' title='bbox 1301 1492 1521 1578; x_wconf 88' lang='lat' dir='ltr'>egredientes</span> 
     </span>
     <span class='ocr_line' id='line_1_10' title="bbox 388 1594 1522 1683; baseline -0.006 -20"><span class='ocrx_word' id='word_1_64' title='bbox 388 1607 422 1664; x_wconf 88' lang='lat' dir='ltr'>et</span> <span class='ocrx_word' id='word_1_65' title='bbox 437 1621 511 1662; x_wconf 90' lang='lat' dir='ltr'>eam</span> <span class='ocrx_word' id='word_1_66' title='bbox 529 1595 694 1683; x_wconf 89' lang='lat' dir='ltr'>usquead</span> <span class='ocrx_word' id='word_1_67' title='bbox 712 1595 884 1658; x_wconf 90' lang='lat' dir='ltr'>civitatem</span> <span class='ocrx_word' id='word_1_68' title='bbox 904 1594 1110 1659; x_wconf 82' lang='lat' dir='ltr'>deducentes</span> <span class='ocrx_word' id='word_1_69' title='bbox 1126 1602 1227 1683; x_wconf 88' lang='lat' dir='ltr'>atque</span> <span class='ocrx_word' id='word_1_70' title='bbox 1241 1595 1277 1658; x_wconf 90' lang='lat' dir='ltr'>in</span> <span class='ocrx_word' id='word_1_71' title='bbox 1295 1594 1497 1658; x_wconf 80' lang='lat' dir='ltr'>aecclesiam</span> <span class='ocrx_word' id='word_1_72' title='bbox 1508 1605 1522 1632; x_wconf 75' lang='lat'><strong>⁰</strong></span> 
     </span>
     <span class='ocr_line' id='line_1_11' title="bbox 389 1696 1521 1784; baseline -0.006 -19"><span class='ocrx_word' id='word_1_73' title='bbox 389 1698 556 1766; x_wconf 76' lang='lat' dir='ltr'>Sanctaef</span> <span class='ocrx_word' id='word_1_74' title='bbox 604 1697 757 1762; x_wconf 70' lang='lat' dir='ltr'>Mariaea</span> <span class='ocrx_word' id='word_1_75' title='bbox 795 1697 1036 1784; x_wconf 59' lang='lat' dir='ltr'>perducentes·</span> <span class='ocrx_word' id='word_1_76' title='bbox 1079 1696 1138 1760; x_wconf 92' lang='lat' dir='ltr'>ubi</span> <span class='ocrx_word' id='word_1_77' title='bbox 1185 1698 1364 1784; x_wconf 84' lang='lat' dir='ltr'>conspexit</span> <span class='ocrx_word' id='word_1_78' title='bbox 1403 1697 1521 1760; x_wconf 90' lang='lat' dir='ltr'>inesse</span> 
     </span>
     <span class='ocr_line' id='line_1_12' title="bbox 389 1799 1523 1884; baseline -0.004 -19"><span class='ocrx_word' id='word_1_79' title='bbox 389 1801 642 1866; x_wconf 91' lang='lat' dir='ltr'>multitudinem</span> <span class='ocrx_word' id='word_1_80' title='bbox 679 1799 928 1879; x_wconf 71' lang='lat' dir='ltr'>daemonumh;</span> <span class='ocrx_word' id='word_1_81' title='bbox 967 1808 1000 1863; x_wconf 92' lang='lat' dir='ltr'>et</span> <span class='ocrx_word' id='word_1_82' title='bbox 1031 1799 1112 1862; x_wconf 93' lang='lat' dir='ltr'>dum</span> <span class='ocrx_word' id='word_1_83' title='bbox 1147 1800 1190 1863; x_wconf 89' lang='lat' dir='ltr'>ad</span> <span class='ocrx_word' id='word_1_84' title='bbox 1229 1801 1370 1863; x_wconf 90' lang='lat' dir='ltr'>chorum</span> <span class='ocrx_word' id='word_1_85' title='bbox 1410 1821 1523 1884; x_wconf 88' lang='lat' dir='ltr'>usque</span> 
     </span>
     <span class='ocr_line' id='line_1_13' title="bbox 390 1899 1524 1991; baseline -0.004 -23"><span class='ocrx_word' id='word_1_86' title='bbox 390 1899 610 1991; x_wconf 86' lang='lat' dir='ltr'>pervenisset,</span> <span class='ocrx_word' id='word_1_87' title='bbox 639 1901 725 1964; x_wconf 86' lang='lat' dir='ltr'>vidit</span> <span class='ocrx_word' id='word_1_88' title='bbox 754 1924 790 1965; x_wconf 89' lang='lat' dir='ltr'>se</span> <span class='ocrx_word' id='word_1_89' title='bbox 819 1924 837 1964; x_wconf 89' lang='lat' dir='ltr'>a</span> <span class='ocrx_word' id='word_1_90' title='bbox 866 1900 998 1965; x_wconf 86' lang='lat' dir='ltr'>clericis</span> <span class='ocrx_word' id='word_1_91' title='bbox 1017 1901 1120 1988; x_wconf 85' lang='lat' dir='ltr'>recipi</span> <span class='ocrx_word' id='word_1_92' title='bbox 1150 1909 1184 1965; x_wconf 90' lang='lat' dir='ltr'>et</span> <span class='ocrx_word' id='word_1_93' title='bbox 1210 1925 1290 1964; x_wconf 84' lang='lat' dir='ltr'>mox</span> <span class='ocrx_word' id='word_1_94' title='bbox 1313 1923 1435 1965; x_wconf 91' lang='lat' dir='ltr'>omnes</span> <span class='ocrx_word' id='word_1_95' title='bbox 1461 1923 1524 1964; x_wconf 90' lang='lat' dir='ltr'>eos</span> 
     </span>
     <span class='ocr_line' id='line_1_14' title="bbox 390 2002 1524 2092; baseline -0.004 -23"><span class='ocrx_word' id='word_1_96' title='bbox 390 2006 580 2084; x_wconf 88' lang='lat' dir='ltr'>recessisse,</span> <span class='ocrx_word' id='word_1_97' title='bbox 608 2003 761 2090; x_wconf 76' lang='lat' dir='ltr'>praeteri</span> <span class='ocrx_word' id='word_1_98' title='bbox 784 2002 861 2066; x_wconf 90' lang='lat' dir='ltr'>illos</span> <span class='ocrx_word' id='word_1_99' title='bbox 890 2003 949 2089; x_wconf 94' lang='lat' dir='ltr'>qui</span> <span class='ocrx_word' id='word_1_100' title='bbox 978 2026 1052 2067; x_wconf 90' lang='lat' dir='ltr'>eam</span> <span class='ocrx_word' id='word_1_101' title='bbox 1076 2003 1295 2084; x_wconf 84' lang='lat' dir='ltr'>deduxerant,</span> <span class='ocrx_word' id='word_1_102' title='bbox 1322 2026 1409 2092; x_wconf 92' lang='lat' dir='ltr'>quos</span> <span class='ocrx_word' id='word_1_103' title='bbox 1433 2003 1524 2066; x_wconf 91' lang='lat' dir='ltr'>vidit</span> 
     </span>
     <span class='ocr_line' id='line_1_15' title="bbox 389 2105 1525 2194; baseline -0.003 -22"><span class='ocrx_word' id='word_1_104' title='bbox 389 2109 494 2172; x_wconf 90' lang='lat' dir='ltr'>altare</span> <span class='ocrx_word' id='word_1_105' title='bbox 515 2106 680 2170; x_wconf 62' lang='lat' dir='ltr'>Sanctae]</span> <span class='ocrx_word' id='word_1_106' title='bbox 695 2105 870 2169; x_wconf 89' lang='lat' dir='ltr'>Trinitatis</span> <span class='ocrx_word' id='word_1_107' title='bbox 893 2106 986 2168; x_wconf 93' lang='lat' dir='ltr'>disco</span> <span class='ocrx_word' id='word_1_108' title='bbox 1011 2106 1183 2193; x_wconf 90' lang='lat' dir='ltr'>operuisse</span> <span class='ocrx_word' id='word_1_109' title='bbox 1204 2113 1306 2194; x_wconf 84' lang='lat' dir='ltr'>atque</span> <span class='ocrx_word' id='word_1_110' title='bbox 1327 2105 1467 2178; x_wconf 81' lang='lat' dir='ltr'>lavisse,</span> <span class='ocrx_word' id='word_1_111' title='bbox 1488 2113 1525 2169; x_wconf 88' lang='lat' dir='ltr'>et</span> 
     </span>
     <span class='ocr_line' id='line_1_16' title="bbox 388 2207 1501 2297; baseline -0.004 -23"><span class='ocrx_word' id='word_1_112' title='bbox 388 2233 477 2297; x_wconf 90' lang='lat' dir='ltr'>aqua</span> <span class='ocrx_word' id='word_1_113' title='bbox 494 2209 670 2272; x_wconf 91' lang='lat' dir='ltr'>benedicta</span> <span class='ocrx_word' id='word_1_114' title='bbox 688 2207 858 2294; x_wconf 87' lang='lat' dir='ltr'>irrigasse,</span> <span class='ocrx_word' id='word_1_115' title='bbox 877 2207 1022 2295; x_wconf 91' lang='lat' dir='ltr'>indeque</span> <span class='ocrx_word' id='word_1_116' title='bbox 1044 2209 1150 2272; x_wconf 89' lang='lat' dir='ltr'>altare</span> <span class='ocrx_word' id='word_1_117' title='bbox 1174 2207 1344 2272; x_wconf 67' lang='lat' dir='ltr'>Sanctael‘</span> <span class='ocrx_word' id='word_1_118' title='bbox 1367 2208 1501 2272; x_wconf 88' lang='lat' dir='ltr'>Mariae</span> 
     </span>
     <span class='ocr_line' id='line_1_17' title="bbox 391 2310 1525 2396; baseline -0.003 -21"><span class='ocrx_word' id='word_1_119' title='bbox 391 2312 599 2390; x_wconf 86' lang='lat' dir='ltr'>circumisse,</span> <span class='ocrx_word' id='word_1_120' title='bbox 633 2310 759 2396; x_wconf 89' lang='lat' dir='ltr'>unique</span> <span class='ocrx_word' id='word_1_121' title='bbox 793 2310 943 2396; x_wconf 87' lang='lat' dir='ltr'>ipsorum</span> <span class='ocrx_word' id='word_1_122' title='bbox 974 2311 1086 2373; x_wconf 91' lang='lat' dir='ltr'>claves</span> <span class='ocrx_word' id='word_1_123' title='bbox 1121 2310 1296 2390; x_wconf 91' lang='lat' dir='ltr'>cecidisse,</span> <span class='ocrx_word' id='word_1_124' title='bbox 1326 2333 1411 2396; x_wconf 91' lang='lat' dir='ltr'>quas</span> <span class='ocrx_word' id='word_1_125' title='bbox 1446 2332 1525 2374; x_wconf 88' lang='lat' dir='ltr'>eam</span> 
     </span>
     <span class='ocr_line' id='line_1_18' title="bbox 392 2411 1525 2499; baseline -0.003 -21"><span class='ocrx_word' id='word_1_126' title='bbox 392 2414 539 2499; x_wconf 89' lang='lat' dir='ltr'>recipere</span> <span class='ocrx_word' id='word_1_127' title='bbox 553 2411 792 2499; x_wconf 88' lang='lat' dir='ltr'>praecipiebat,</span> <span class='ocrx_word' id='word_1_128' title='bbox 807 2435 931 2499; x_wconf 88' lang='lat' dir='ltr'>easque</span> <span class='ocrx_word' id='word_1_129' title='bbox 941 2435 977 2475; x_wconf 89' lang='lat' dir='ltr'>se</span> <span class='ocrx_word' id='word_1_130' title='bbox 997 2411 1084 2477; x_wconf 86' lang='lat' dir='ltr'>vidit</span> <span class='ocrx_word' id='word_1_131' title='bbox 1101 2413 1280 2498; x_wconf 88' lang='lat' dir='ltr'>recepisse,</span> <span class='ocrx_word' id='word_1_132' title='bbox 1299 2412 1358 2476; x_wconf 92' lang='lat' dir='ltr'>sed</span> <span class='ocrx_word' id='word_1_133' title='bbox 1371 2411 1525 2476; x_wconf 88' lang='lat' dir='ltr'>etlibros</span> 
     </span>
     <span class='ocr_line' id='line_1_19' title="bbox 393 2513 1525 2601; baseline -0.004 -21"><span class='ocrx_word' id='word_1_134' title='bbox 393 2516 529 2580; x_wconf 90' lang='lat' dir='ltr'>eosdem</span> <span class='ocrx_word' id='word_1_135' title='bbox 544 2513 683 2578; x_wconf 90' lang='lat' dir='ltr'>clericos</span> <span class='ocrx_word' id='word_1_136' title='bbox 702 2521 910 2579; x_wconf 89' lang='lat' dir='ltr'>contrectare</span> <span class='ocrx_word' id='word_1_137' title='bbox 921 2514 1071 2594; x_wconf 87' lang='lat' dir='ltr'>videbat,</span> <span class='ocrx_word' id='word_1_138' title='bbox 1089 2514 1130 2578; x_wconf 89' lang='lat' dir='ltr'>de</span> <span class='ocrx_word' id='word_1_139' title='bbox 1147 2515 1271 2601; x_wconf 91' lang='lat' dir='ltr'>quibus</span> <span class='ocrx_word' id='word_1_140' title='bbox 1286 2513 1421 2578; x_wconf 89' lang='lat' dir='ltr'>dicebat</span> <span class='ocrx_word' id='word_1_141' title='bbox 1432 2537 1525 2577; x_wconf 91' lang='lat' dir='ltr'>unus</span> 
     </span>
     <span class='ocr_line' id='line_1_20' title="bbox 393 2616 1525 2703; baseline -0.001 -22"><span class='ocrx_word' id='word_1_142' title='bbox 393 2641 522 2697; x_wconf 88' lang='lat' dir='ltr'>eorum,</span> <span class='ocrx_word' id='word_1_143' title='bbox 552 2640 654 2703; x_wconf 87' lang='lat' dir='ltr'>quare</span> <span class='ocrx_word' id='word_1_144' title='bbox 678 2616 758 2680; x_wconf 86' lang='lat' dir='ltr'>facti</span> <span class='ocrx_word' id='word_1_145' title='bbox 782 2616 928 2680; x_wconf 86' lang='lat' dir='ltr'>fuissent</span> <span class='ocrx_word' id='word_1_146' title='bbox 947 2616 1013 2703; x_wconf 91' lang='lat' dir='ltr'>ipsi</span> <span class='ocrx_word' id='word_1_147' title='bbox 1039 2616 1129 2697; x_wconf 93' lang='lat' dir='ltr'>libri,</span> <span class='ocrx_word' id='word_1_148' title='bbox 1153 2641 1231 2680; x_wconf 92' lang='lat' dir='ltr'>cum</span> <span class='ocrx_word' id='word_1_149' title='bbox 1255 2616 1418 2681; x_wconf 90' lang='lat' dir='ltr'>deberent</span> <span class='ocrx_word' id='word_1_150' title='bbox 1446 2639 1525 2680; x_wconf 90' lang='lat' dir='ltr'>esse</span> 
     </span>
     <span class='ocr_line' id='line_1_21' title="bbox 393 2718 1527 2807; baseline -0.001 -24"><span class='ocrx_word' id='word_1_151' title='bbox 393 2720 428 2783; x_wconf 91' lang='lat' dir='ltr'>in</span> <span class='ocrx_word' id='word_1_152' title='bbox 448 2719 509 2783; x_wconf 90' lang='lat' dir='ltr'>tali</span> <span class='ocrx_word' id='word_1_153' title='bbox 526 2720 599 2781; x_wconf 88' lang='lat' dir='ltr'>loco</span> <span class='ocrx_word' id='word_1_154' title='bbox 614 2718 672 2781; x_wconf 91' lang='lat' dir='ltr'>ubi</span> <span class='ocrx_word' id='word_1_155' title='bbox 693 2741 826 2805; x_wconf 90' lang='lat' dir='ltr'>semper</span> <span class='ocrx_word' id='word_1_156' title='bbox 844 2719 1041 2782; x_wconf 86' lang='lat' dir='ltr'>viderentur</span> <span class='ocrx_word' id='word_1_157' title='bbox 1062 2731 1183 2807; x_wconf 75' lang='lat' dir='ltr'>quaem</span> <span class='ocrx_word' id='word_1_158' title='bbox 1204 2718 1289 2782; x_wconf 91' lang='lat' dir='ltr'>inibi</span> <span class='ocrx_word' id='word_1_159' title='bbox 1308 2719 1527 2783; x_wconf 89' lang='lat' dir='ltr'>habebantur</span> 
     </span>
     <span class='ocr_line' id='line_1_22' title="bbox 394 2819 1526 2906; baseline 0 -22"><span class='ocrx_word' id='word_1_160' title='bbox 394 2821 530 2906; x_wconf 89' lang='lat' dir='ltr'>scripta.</span> <span class='ocrx_word' id='word_1_161' title='bbox 545 2820 638 2883; x_wconf 91' lang='lat' dir='ltr'>Tunc</span> <span class='ocrx_word' id='word_1_162' title='bbox 653 2819 739 2882; x_wconf 89' lang='lat' dir='ltr'>vidit</span> <span class='ocrx_word' id='word_1_163' title='bbox 757 2819 849 2906; x_wconf 91' lang='lat' dir='ltr'>ipsos</span> <span class='ocrx_word' id='word_1_164' title='bbox 865 2820 1006 2884; x_wconf 88' lang='lat' dir='ltr'>clericos</span> <span class='ocrx_word' id='word_1_165' title='bbox 1023 2821 1279 2885; x_wconf 90' lang='lat' dir='ltr'>multitudinem</span> <span class='ocrx_word' id='word_1_166' title='bbox 1292 2821 1500 2885; x_wconf 90' lang='lat' dir='ltr'>daemonum</span> <span class='ocrx_word' id='word_1_167' title='bbox 1510 2833 1526 2862; x_wconf 75' lang='lat'>&#39;¹</span> 
     </span>
     <span class='ocr_line' id='line_1_23' title="bbox 394 2922 1526 3008; baseline 0.003 -23"><span class='ocrx_word' id='word_1_168' title='bbox 394 2923 435 2985; x_wconf 91' lang='lat' dir='ltr'>de</span> <span class='ocrx_word' id='word_1_169' title='bbox 469 2923 587 2986; x_wconf 87' lang='lat' dir='ltr'>eadem</span> <span class='ocrx_word' id='word_1_170' title='bbox 612 2922 799 2985; x_wconf 89' lang='lat' dir='ltr'>aecclesia⁰</span> <span class='ocrx_word' id='word_1_171' title='bbox 829 2922 968 3008; x_wconf 87' lang='lat' dir='ltr'>ejecisse</span> <span class='ocrx_word' id='word_1_172' title='bbox 994 2930 1028 2987; x_wconf 89' lang='lat' dir='ltr'>et</span> <span class='ocrx_word' id='word_1_173' title='bbox 1059 2930 1153 2988; x_wconf 82' lang='lat' dir='ltr'>extra</span> <span class='ocrx_word' id='word_1_174' title='bbox 1189 2923 1366 2987; x_wconf 77' lang='lat' dir='ltr'>eivitatisr</span> <span class='ocrx_word' id='word_1_175' title='bbox 1404 2932 1526 2988; x_wconf 90' lang='lat' dir='ltr'>contra</span> 
     </span>
     <span class='ocr_line' id='line_1_24' title="bbox 395 3023 1527 3113; baseline 0.003 -27"><span class='ocrx_word' id='word_1_176' title='bbox 395 3023 599 3087; x_wconf 89' lang='lat' dir='ltr'>monasteria</span> <span class='ocrx_word' id='word_1_177' title='bbox 612 3023 804 3110; x_wconf 89' lang='lat' dir='ltr'>puellarum</span> <span class='ocrx_word' id='word_1_178' title='bbox 815 3024 997 3110; x_wconf 88' lang='lat' dir='ltr'>expulisse,</span> <span class='ocrx_word' id='word_1_179' title='bbox 1020 3024 1135 3112; x_wconf 92' lang='lat' dir='ltr'>ibique</span> <span class='ocrx_word' id='word_1_180' title='bbox 1150 3025 1247 3113; x_wconf 88' lang='lat' dir='ltr'>quasi</span> <span class='ocrx_word' id='word_1_181' title='bbox 1262 3048 1387 3112; x_wconf 92' lang='lat' dir='ltr'>equum</span> <span class='ocrx_word' id='word_1_182' title='bbox 1405 3027 1527 3089; x_wconf 90' lang='lat' dir='ltr'>candi-</span> 
     </span>
     <span class='ocr_line' id='line_1_25' title="bbox 395 3125 1523 3192; baseline 0.003 -3"><span class='ocrx_word' id='word_1_183' title='bbox 395 3126 601 3189; x_wconf 74' lang='lat' dir='ltr'>dissimum‘l</span> <span class='ocrx_word' id='word_1_184' title='bbox 621 3125 756 3189; x_wconf 89' lang='lat' dir='ltr'>eosdem</span> <span class='ocrx_word' id='word_1_185' title='bbox 768 3125 951 3190; x_wconf 89' lang='lat' dir='ltr'>daemones</span> <span class='ocrx_word' id='word_1_186' title='bbox 961 3138 974 3165; x_wconf 58' lang='grc' dir='ltr'><strong>Γ</strong></span> <span class='ocrx_word' id='word_1_187' title='bbox 985 3127 1018 3189; x_wconf 91' lang='lat' dir='ltr'>in</span> <span class='ocrx_word' id='word_1_188' title='bbox 1035 3126 1172 3191; x_wconf 89' lang='lat' dir='ltr'>fossatis</span> <span class='ocrx_word' id='word_1_189' title='bbox 1187 3128 1275 3190; x_wconf 92' lang='lat' dir='ltr'>muri</span> <span class='ocrx_word' id='word_1_190' title='bbox 1287 3127 1523 3192; x_wconf 89' lang='lat' dir='ltr'>conculcasse.</span> 
     </span>
     <span class='ocr_line' id='line_1_26' title="bbox 396 3227 1527 3315; baseline 0.002 -23"><span class='ocrx_word' id='word_1_191' title='bbox 396 3230 434 3292; x_wconf 94' lang='lat' dir='ltr'>ln</span> <span class='ocrx_word' id='word_1_192' title='bbox 454 3227 693 3292; x_wconf 85' lang='lat' dir='ltr'>Puriticatione</span> <span class='ocrx_word' id='word_1_193' title='bbox 717 3251 851 3315; x_wconf 91' lang='lat' dir='ltr'>quoque</span> <span class='ocrx_word' id='word_1_194' title='bbox 876 3228 1041 3292; x_wconf 81' lang='lat' dir='ltr'>Sanctae⁸</span> <span class='ocrx_word' id='word_1_195' title='bbox 1065 3229 1214 3293; x_wconf 76' lang='lat' dir='ltr'>Mariaet</span> <span class='ocrx_word' id='word_1_196' title='bbox 1246 3229 1332 3293; x_wconf 89' lang='lat' dir='ltr'>vidit</span> <span class='ocrx_word' id='word_1_197' title='bbox 1358 3238 1464 3294; x_wconf 86' lang='lat' dir='ltr'>noctu</span> <span class='ocrx_word' id='word_1_198' title='bbox 1490 3253 1527 3294; x_wconf 92' lang='lat' dir='ltr'>se</span> 
     </span>
     <span class='ocr_line' id='line_1_27' title="bbox 395 3330 1526 3415; baseline 0.004 -23"><span class='ocrx_word' id='word_1_199' title='bbox 395 3353 469 3393; x_wconf 92' lang='lat' dir='ltr'>esse</span> <span class='ocrx_word' id='word_1_200' title='bbox 484 3331 518 3392; x_wconf 91' lang='lat' dir='ltr'>in</span> <span class='ocrx_word' id='word_1_201' title='bbox 533 3330 716 3393; x_wconf 82' lang='lat' dir='ltr'>aecclesia¹¹</span> <span class='ocrx_word' id='word_1_202' title='bbox 735 3330 841 3415; x_wconf 91' lang='lat' dir='ltr'>ipsius</span> <span class='ocrx_word' id='word_1_203' title='bbox 859 3331 960 3394; x_wconf 87' lang='lat' dir='ltr'>villae</span> <span class='ocrx_word' id='word_1_204' title='bbox 968 3343 994 3409; x_wconf 74' lang='lat'>³³,</span> <span class='ocrx_word' id='word_1_205' title='bbox 1017 3338 1051 3395; x_wconf 89' lang='lat' dir='ltr'>et</span> <span class='ocrx_word' id='word_1_206' title='bbox 1069 3332 1155 3395; x_wconf 86' lang='lat' dir='ltr'>vidit</span> <span class='ocrx_word' id='word_1_207' title='bbox 1165 3331 1211 3394; x_wconf 89' lang='lat' dir='ltr'>ibi</span> <span class='ocrx_word' id='word_1_208' title='bbox 1225 3332 1360 3395; x_wconf 90' lang='lat' dir='ltr'>beatam</span> <span class='ocrx_word' id='word_1_209' title='bbox 1376 3332 1526 3396; x_wconf 92' lang='lat' dir='ltr'>Mariam</span> 
     </span>
     <span class='ocr_line' id='line_1_28' title="bbox 395 3432 1528 3520; baseline 0.004 -25"><span class='ocrx_word' id='word_1_210' title='bbox 395 3439 428 3495; x_wconf 89' lang='lat' dir='ltr'>et</span> <span class='ocrx_word' id='word_1_211' title='bbox 453 3432 708 3496; x_wconf 89' lang='lat' dir='ltr'>multitudinem</span> <span class='ocrx_word' id='word_1_212' title='bbox 732 3440 927 3497; x_wconf 90' lang='lat' dir='ltr'>sanctorum</span> <span class='ocrx_word' id='word_1_213' title='bbox 956 3434 1014 3520; x_wconf 93' lang='lat' dir='ltr'>qui</span> <span class='ocrx_word' id='word_1_214' title='bbox 1038 3433 1144 3498; x_wconf 91' lang='lat' dir='ltr'>altare</span> <span class='ocrx_word' id='word_1_215' title='bbox 1177 3434 1284 3520; x_wconf 89' lang='lat' dir='ltr'>ipsius</span> <span class='ocrx_word' id='word_1_216' title='bbox 1315 3433 1528 3499; x_wconf 67' lang='lat' dir='ltr'>aecclesiae³</span> 
     </span>
     <span class='ocr_line' id='line_1_29' title="bbox 397 3534 1526 3623; baseline 0.003 -26"><span class='ocrx_word' id='word_1_217' title='bbox 397 3535 569 3597; x_wconf 89' lang='lat' dir='ltr'>destruere</span> <span class='ocrx_word' id='word_1_218' title='bbox 585 3534 798 3614; x_wconf 89' lang='lat' dir='ltr'>videbantur,</span> <span class='ocrx_word' id='word_1_219' title='bbox 822 3542 923 3620; x_wconf 91' lang='lat' dir='ltr'>atque</span> <span class='ocrx_word' id='word_1_220' title='bbox 938 3535 1075 3620; x_wconf 87' lang='lat' dir='ltr'>irrigare</span> <span class='ocrx_word' id='word_1_221' title='bbox 1095 3560 1181 3623; x_wconf 93' lang='lat' dir='ltr'>aqua</span> <span class='ocrx_word' id='word_1_222' title='bbox 1205 3535 1382 3599; x_wconf 92' lang='lat' dir='ltr'>benedicta</span> <span class='ocrx_word' id='word_1_223' title='bbox 1408 3537 1526 3601; x_wconf 90' lang='lat' dir='ltr'>locum</span> 
     </span>
     <span class='ocr_line' id='line_1_30' title="bbox 398 3635 1527 3724; baseline 0.006 -28"><span class='ocrx_word' id='word_1_224' title='bbox 398 3636 503 3722; x_wconf 91' lang='lat' dir='ltr'>ipsius</span> <span class='ocrx_word' id='word_1_225' title='bbox 534 3635 661 3713; x_wconf 80' lang='lat' dir='ltr'>altariS,</span> <span class='ocrx_word' id='word_1_226' title='bbox 694 3643 726 3699; x_wconf 92' lang='lat' dir='ltr'>et</span> <span class='ocrx_word' id='word_1_227' title='bbox 760 3637 822 3699; x_wconf 89' lang='lat' dir='ltr'>tria</span> <span class='ocrx_word' id='word_1_228' title='bbox 857 3637 976 3701; x_wconf 91' lang='lat' dir='ltr'>altaria</span> <span class='ocrx_word' id='word_1_229' title='bbox 1003 3661 1063 3724; x_wconf 90' lang='lat' dir='ltr'>pro</span> <span class='ocrx_word' id='word_1_230' title='bbox 1092 3662 1131 3701; x_wconf 94' lang='lat' dir='ltr'>eo</span> <span class='ocrx_word' id='word_1_231' title='bbox 1165 3637 1399 3702; x_wconf 89' lang='lat' dir='ltr'>restituebant.</span> <span class='ocrx_word' id='word_1_232' title='bbox 1435 3639 1527 3703; x_wconf 86' lang='lat' dir='ltr'>Tum</span> 
     </span>
     <span class='ocr_line' id='line_1_31' title="bbox 398 3737 1525 3827; baseline 0.006 -28"><span class='ocrx_word' id='word_1_233' title='bbox 398 3737 534 3823; x_wconf 89' lang='lat' dir='ltr'>quidam</span> <span class='ocrx_word' id='word_1_234' title='bbox 566 3760 692 3816; x_wconf 92' lang='lat' dir='ltr'>eorum,</span> <span class='ocrx_word' id='word_1_235' title='bbox 723 3738 968 3824; x_wconf 89' lang='lat' dir='ltr'>pulcherrimus</span> <span class='ocrx_word' id='word_1_236' title='bbox 997 3741 1160 3822; x_wconf 89' lang='lat' dir='ltr'>omnium,</span> <span class='ocrx_word' id='word_1_237' title='bbox 1197 3763 1233 3803; x_wconf 89' lang='lat' dir='ltr'>se</span> <span class='ocrx_word' id='word_1_238' title='bbox 1267 3764 1368 3827; x_wconf 91' lang='lat' dir='ltr'>super</span> <span class='ocrx_word' id='word_1_239' title='bbox 1398 3741 1525 3818; x_wconf 84' lang='lat' dir='ltr'>altare,</span> 
     </span>
     <span class='ocr_line' id='line_1_32' title="bbox 397 3838 1529 3928; baseline 0.009 -29"><span class='ocrx_word' id='word_1_240' title='bbox 397 3839 487 3924; x_wconf 90' lang='lat' dir='ltr'>quod</span> <span class='ocrx_word' id='word_1_241' title='bbox 512 3838 660 3901; x_wconf 89' lang='lat' dir='ltr'>medium</span> <span class='ocrx_word' id='word_1_242' title='bbox 687 3840 882 3904; x_wconf 90' lang='lat' dir='ltr'>restitutum</span> <span class='ocrx_word' id='word_1_243' title='bbox 910 3840 1030 3921; x_wconf 85' lang='lat' dir='ltr'>luerat,</span> <span class='ocrx_word' id='word_1_244' title='bbox 1062 3842 1307 3928; x_wconf 85' lang='lat' dir='ltr'>prosternebat.</span> <span class='ocrx_word' id='word_1_245' title='bbox 1337 3842 1529 3909; x_wconf 90' lang='lat' dir='ltr'>Videbatur</span> 
     </span>
    </p>
   </div>
   <div class='ocr_carea' id='block_1_4' title="bbox 399 4029 1532 4528">
    <p class='ocr_par' dir='ltr' id='par_1_5' title="bbox 399 4029 1532 4528">
     <span class='ocr_line' id='line_1_33' title="bbox 431 4029 1530 4108; baseline 0.011 -33"><span class='ocrx_word' id='word_1_246' title='bbox 431 4029 536 4091; x_wconf 64' lang='lat' dir='ltr'>ajNota</span> <span class='ocrx_word' id='word_1_247' title='bbox 548 4030 579 4077; x_wconf 85' lang='lat' dir='ltr'>de</span> <span class='ocrx_word' id='word_1_248' title='bbox 587 4045 640 4092; x_wconf 85' lang='lat' dir='ltr'>peu</span> <span class='ocrx_word' id='word_1_249' title='bbox 649 4031 814 4092; x_wconf 81' lang='lat' dir='ltr'>poste&#39;rieur,</span> <span class='ocrx_word' id='word_1_250' title='bbox 832 4049 864 4081; x_wconf 84' lang='lat' dir='ltr'>en</span> <span class='ocrx_word' id='word_1_251' title='bbox 878 4048 971 4098; x_wconf 68' lang='lat' dir='ltr'>margo</span> <span class='ocrx_word' id='word_1_252' title='bbox 986 4036 1021 4082; x_wconf 89' lang='lat' dir='ltr'>du</span> <span class='ocrx_word' id='word_1_253' title='bbox 1040 4050 1097 4093; x_wconf 71' lang='lat' dir='ltr'>nra,</span> <span class='ocrx_word' id='word_1_254' title='bbox 1112 4051 1145 4083; x_wconf 86' lang='lat' dir='ltr'>cn</span> <span class='ocrx_word' id='word_1_255' title='bbox 1158 4035 1217 4095; x_wconf 79' lang='lat' dir='ltr'>face</span> <span class='ocrx_word' id='word_1_256' title='bbox 1233 4036 1264 4084; x_wconf 88' lang='lat' dir='ltr'>dc</span> <span class='ocrx_word' id='word_1_257' title='bbox 1278 4040 1346 4084; x_wconf 84' lang='lat' dir='ltr'>cette</span> <span class='ocrx_word' id='word_1_258' title='bbox 1361 4036 1444 4108; x_wconf 71' lang='lat' dir='ltr'>lique.</span> <span class='ocrx_word' id='word_1_259' title='bbox 1455 4066 1484 4073; x_wconf 90' lang='lat'>—</span> <span class='ocrx_word' id='word_1_260' title='bbox 1502 4040 1530 4091; x_wconf 74' lang='lat' dir='ltr'>br</span> 
     </span>
     <span class='ocr_line' id='line_1_34' title="bbox 402 4092 1531 4160; baseline 0.011 -22"><span class='ocrx_word' id='word_1_261' title='bbox 402 4092 820 4157; x_wconf 66' lang='lat' dir='ltr'>P1·csl›ytcros,e&#39;d.Pidrou—c)</span> <span class='ocrx_word' id='word_1_262' title='bbox 831 4095 1283 4160; x_wconf 49' lang='lat' dir='ltr'>Quen.-d)l}pip11ani‹;,A.-e)</span> <span class='ocrx_word' id='word_1_263' title='bbox 1296 4100 1531 4160; x_wconf 72' lang='lat' dir='ltr'>ecclesiani,A.-</span> 
     </span>
     <span class='ocr_line' id='line_1_35' title="bbox 399 4154 1530 4231; baseline 0.008 -31"><span class='ocrx_word' id='word_1_264' title='bbox 399 4154 423 4216; x_wconf 73' lang='lat' dir='ltr'>f)</span> <span class='ocrx_word' id='word_1_265' title='bbox 441 4154 556 4210; x_wconf 69' lang='lat' dir='ltr'>Sanctae,</span> <span class='ocrx_word' id='word_1_266' title='bbox 571 4156 602 4202; x_wconf 92' lang='lat' dir='ltr'>A.</span> <span class='ocrx_word' id='word_1_267' title='bbox 621 4182 652 4190; x_wconf 98' lang='lat'><strong>—</strong></span> <span class='ocrx_word' id='word_1_268' title='bbox 668 4157 696 4231; x_wconf 74' lang='lat' dir='ltr'>g)</span> <span class='ocrx_word' id='word_1_269' title='bbox 715 4157 816 4214; x_wconf 65' lang='lat' dir='ltr'>Maria),</span> <span class='ocrx_word' id='word_1_270' title='bbox 833 4159 864 4206; x_wconf 87' lang='lat' dir='ltr'>A.</span> <span class='ocrx_word' id='word_1_271' title='bbox 883 4186 914 4192; x_wconf 94' lang='lat'><strong>—</strong></span> <span class='ocrx_word' id='word_1_272' title='bbox 927 4158 954 4221; x_wconf 85' lang='lat' dir='ltr'>h)</span> <span class='ocrx_word' id='word_1_273' title='bbox 970 4160 1124 4221; x_wconf 71' lang='lat' dir='ltr'>demonum,</span> <span class='ocrx_word' id='word_1_274' title='bbox 1143 4163 1174 4208; x_wconf 85' lang='lat' dir='ltr'>A.</span> <span class='ocrx_word' id='word_1_275' title='bbox 1194 4188 1225 4195; x_wconf 96' lang='lat'>-</span> <span class='ocrx_word' id='word_1_276' title='bbox 1243 4161 1261 4222; x_wconf 81' lang='grc' dir='ltr'>ι’)</span> <span class='ocrx_word' id='word_1_277' title='bbox 1280 4165 1380 4222; x_wconf 73' lang='lat' dir='ltr'>preter,</span> <span class='ocrx_word' id='word_1_278' title='bbox 1398 4162 1431 4209; x_wconf 92' lang='lat' dir='ltr'>A.</span> <span class='ocrx_word' id='word_1_279' title='bbox 1453 4191 1488 4199; x_wconf 93' lang='lat'>—</span> <span class='ocrx_word' id='word_1_280' title='bbox 1504 4163 1530 4227; x_wconf 71' lang='lat' dir='ltr'>j)</span> 
     </span>
     <span class='ocr_line' id='line_1_36' title="bbox 402 4217 1530 4285; baseline 0.01 -23"><span class='ocrx_word' id='word_1_281' title='bbox 402 4217 508 4277; x_wconf 74' lang='lat' dir='ltr'>Sancte,</span> <span class='ocrx_word' id='word_1_282' title='bbox 530 4218 561 4264; x_wconf 85' lang='lat' dir='ltr'>A.</span> <span class='ocrx_word' id='word_1_283' title='bbox 577 4244 604 4252; x_wconf 96' lang='lat'>—</span> <span class='ocrx_word' id='word_1_284' title='bbox 619 4218 643 4277; x_wconf 67' lang='lat' dir='ltr'>k)</span> <span class='ocrx_word' id='word_1_285' title='bbox 664 4219 771 4279; x_wconf 73' lang='lat' dir='ltr'>bancte,</span> <span class='ocrx_word' id='word_1_286' title='bbox 792 4220 823 4265; x_wconf 89' lang='lat' dir='ltr'>A.</span> <span class='ocrx_word' id='word_1_287' title='bbox 837 4248 868 4254; x_wconf 96' lang='lat'>—</span> <span class='ocrx_word' id='word_1_288' title='bbox 883 4219 900 4281; x_wconf 70' lang='lat' dir='ltr'>l}</span> <span class='ocrx_word' id='word_1_289' title='bbox 913 4221 1007 4282; x_wconf 76' lang='lat' dir='ltr'>Mariq,</span> <span class='ocrx_word' id='word_1_290' title='bbox 1022 4223 1053 4269; x_wconf 89' lang='lat' dir='ltr'>A.</span> <span class='ocrx_word' id='word_1_291' title='bbox 1067 4250 1097 4256; x_wconf 95' lang='lat'>—</span> <span class='ocrx_word' id='word_1_292' title='bbox 1111 4224 1145 4269; x_wconf 78' lang='lat' dir='ltr'>ml</span> <span class='ocrx_word' id='word_1_293' title='bbox 1159 4238 1220 4284; x_wconf 70' lang='lat' dir='ltr'>que,</span> <span class='ocrx_word' id='word_1_294' title='bbox 1235 4223 1268 4270; x_wconf 86' lang='lat' dir='ltr'>A.</span> <span class='ocrx_word' id='word_1_295' title='bbox 1285 4249 1316 4257; x_wconf 88' lang='lat'>—</span> <span class='ocrx_word' id='word_1_296' title='bbox 1327 4225 1353 4270; x_wconf 81' lang='lat' dir='ltr'>nl</span> <span class='ocrx_word' id='word_1_297' title='bbox 1367 4224 1530 4285; x_wconf 68' lang='lat' dir='ltr'>demonum,</span> 
     </span>
     <span class='ocr_line' id='line_1_37' title="bbox 402 4280 1532 4349; baseline 0.009 -24"><span class='ocrx_word' id='word_1_298' title='bbox 402 4280 436 4325; x_wconf 88' lang='lat' dir='ltr'>A.</span> <span class='ocrx_word' id='word_1_299' title='bbox 448 4307 478 4313; x_wconf 97' lang='lat'>—</span> <span class='ocrx_word' id='word_1_300' title='bbox 489 4281 513 4341; x_wconf 70' lang='lat' dir='ltr'>o)</span> <span class='ocrx_word' id='word_1_301' title='bbox 525 4280 638 4340; x_wconf 73' lang='lat' dir='ltr'>qcrlcsia</span> <span class='ocrx_word' id='word_1_302' title='bbox 651 4294 721 4327; x_wconf 85' lang='lat' dir='ltr'>corr.</span> <span class='ocrx_word' id='word_1_303' title='bbox 736 4295 769 4328; x_wconf 86' lang='lat' dir='ltr'>en</span> <span class='ocrx_word' id='word_1_304' title='bbox 782 4282 888 4342; x_wconf 75' lang='lat' dir='ltr'>eclesia,</span> <span class='ocrx_word' id='word_1_305' title='bbox 902 4285 933 4329; x_wconf 92' lang='lat' dir='ltr'>A.</span> <span class='ocrx_word' id='word_1_306' title='bbox 945 4311 977 4318; x_wconf 94' lang='lat'><em>-</em></span> <span class='ocrx_word' id='word_1_307' title='bbox 987 4289 1014 4346; x_wconf 70' lang='lat' dir='ltr'>pi</span> <span class='ocrx_word' id='word_1_308' title='bbox 1023 4285 1156 4343; x_wconf 81' lang='lat' dir='ltr'>civitates,</span> <span class='ocrx_word' id='word_1_309' title='bbox 1172 4287 1195 4330; x_wconf 58' lang='grc' dir='ltr'>θ’</span> <span class='ocrx_word' id='word_1_310' title='bbox 1205 4284 1246 4332; x_wconf 84' lang='lat' dir='ltr'>e&#39;d.</span> <span class='ocrx_word' id='word_1_311' title='bbox 1261 4285 1368 4332; x_wconf 87' lang='lat' dir='ltr'>Pithon.</span> <span class='ocrx_word' id='word_1_312' title='bbox 1382 4313 1413 4320; x_wconf 94' lang='lat'>-</span> <span class='ocrx_word' id='word_1_313' title='bbox 1422 4288 1453 4349; x_wconf 84' lang='lat' dir='ltr'>q)</span> <span class='ocrx_word' id='word_1_314' title='bbox 1467 4303 1532 4335; x_wconf 90' lang='lat' dir='ltr'>can-</span> 
     </span>
     <span class='ocr_line' id='line_1_38' title="bbox 402 4342 1531 4408; baseline 0.01 -21"><span class='ocrx_word' id='word_1_315' title='bbox 402 4342 505 4398; x_wconf 88' lang='lat' dir='ltr'>didum,</span> <span class='ocrx_word' id='word_1_316' title='bbox 519 4342 559 4389; x_wconf 82' lang='lat' dir='ltr'>e&#39;d.</span> <span class='ocrx_word' id='word_1_317' title='bbox 578 4342 684 4390; x_wconf 86' lang='lat' dir='ltr'>Pithon.</span> <span class='ocrx_word' id='word_1_318' title='bbox 698 4369 728 4376; x_wconf 97' lang='lat'><em>-</em></span> <span class='ocrx_word' id='word_1_319' title='bbox 749 4345 771 4404; x_wconf 81' lang='lat' dir='ltr'>r)</span> <span class='ocrx_word' id='word_1_320' title='bbox 792 4344 928 4405; x_wconf 74' lang='lat' dir='ltr'>dqmones,</span> <span class='ocrx_word' id='word_1_321' title='bbox 943 4346 978 4394; x_wconf 90' lang='lat' dir='ltr'>A.</span> <span class='ocrx_word' id='word_1_322' title='bbox 998 4374 1030 4381; x_wconf 94' lang='lat'><em>-</em></span> <span class='ocrx_word' id='word_1_323' title='bbox 1046 4357 1068 4407; x_wconf 74' lang='lat' dir='ltr'>a}</span> <span class='ocrx_word' id='word_1_324' title='bbox 1089 4350 1191 4408; x_wconf 73' lang='lat' dir='ltr'>sancte,</span> <span class='ocrx_word' id='word_1_325' title='bbox 1206 4348 1237 4394; x_wconf 94' lang='lat' dir='ltr'>A.</span> <span class='ocrx_word' id='word_1_326' title='bbox 1254 4375 1285 4381; x_wconf 93' lang='lat'>—</span> <span class='ocrx_word' id='word_1_327' title='bbox 1299 4350 1317 4393; x_wconf 66' lang='lat' dir='ltr'>t⁴</span> <span class='ocrx_word' id='word_1_328' title='bbox 1337 4347 1406 4394; x_wconf 83' lang='lat' dir='ltr'>Mari</span> <span class='ocrx_word' id='word_1_329' title='bbox 1426 4385 1432 4404; x_wconf 87' lang='lat'>,</span> <span class='ocrx_word' id='word_1_330' title='bbox 1449 4351 1485 4397; x_wconf 84' lang='lat' dir='ltr'>A.</span> <span class='ocrx_word' id='word_1_331' title='bbox 1499 4378 1531 4385; x_wconf 92' lang='lat'>—</span> 
     </span>
     <span class='ocr_line' id='line_1_39' title="bbox 404 4404 1530 4471; baseline 0.009 -21"><span class='ocrx_word' id='word_1_332' title='bbox 404 4406 429 4463; x_wconf 69' lang='lat' dir='ltr'>n)</span> <span class='ocrx_word' id='word_1_333' title='bbox 452 4404 565 4464; x_wconf 68' lang='lat' dir='ltr'>ecclesia</span> <span class='ocrx_word' id='word_1_334' title='bbox 586 4405 749 4464; x_wconf 88' lang='lat' dir='ltr'>A,ecclesia,</span> <span class='ocrx_word' id='word_1_335' title='bbox 770 4404 813 4453; x_wconf 89' lang='lat' dir='ltr'>e&#39;d.</span> <span class='ocrx_word' id='word_1_336' title='bbox 836 4406 984 4455; x_wconf 81' lang='lat' dir='ltr'>Pitlrou.-</span> <span class='ocrx_word' id='word_1_337' title='bbox 1001 4411 1025 4471; x_wconf 69' lang='lat' dir='ltr'>o]</span> <span class='ocrx_word' id='word_1_338' title='bbox 1046 4409 1118 4470; x_wconf 76' lang='lat' dir='ltr'>ville,</span> <span class='ocrx_word' id='word_1_339' title='bbox 1141 4410 1172 4467; x_wconf 86' lang='lat' dir='ltr'>A,</span> <span class='ocrx_word' id='word_1_340' title='bbox 1192 4410 1262 4456; x_wconf 84' lang='lat' dir='ltr'>vinae</span> <span class='ocrx_word' id='word_1_341' title='bbox 1281 4409 1348 4470; x_wconf 64' lang='lat' dir='ltr'>(sic),</span> <span class='ocrx_word' id='word_1_342' title='bbox 1362 4409 1403 4456; x_wconf 87' lang='lat' dir='ltr'>c&#39;d.</span> <span class='ocrx_word' id='word_1_343' title='bbox 1439 4411 1530 4460; x_wconf 90' lang='lat' dir='ltr'>ithou.</span> 
     </span>
     <span class='ocr_line' id='line_1_40' title="bbox 402 4467 1008 4528; baseline 0.01 -17"><span class='ocrx_word' id='word_1_344' title='bbox 402 4492 432 4499; x_wconf 86' lang='lat'>—</span> <span class='ocrx_word' id='word_1_345' title='bbox 450 4480 476 4527; x_wconf 61' lang='lat' dir='ltr'>a)</span> <span class='ocrx_word' id='word_1_346' title='bbox 490 4467 612 4528; x_wconf 68' lang='lat' dir='ltr'>ecclesie,</span> <span class='ocrx_word' id='word_1_347' title='bbox 636 4468 674 4526; x_wconf 84' lang='lat' dir='ltr'>A3</span> <span class='ocrx_word' id='word_1_348' title='bbox 689 4467 818 4522; x_wconf 82' lang='lat' dir='ltr'>ccclesiae,</span> <span class='ocrx_word' id='word_1_349' title='bbox 844 4469 886 4517; x_wconf 86' lang='lat' dir='ltr'>e&#39;d.</span> <span class='ocrx_word' id='word_1_350' title='bbox 901 4469 1008 4518; x_wconf 88' lang='lat' dir='ltr'>Pithon.</span> 
     </span>
    </p>
   </div>
   <div class='ocr_carea' id='block_1_5' title="bbox 0 0 1925 5642">
    <p class='ocr_par' dir='ltr' id='par_1_6' title="bbox 0 0 1925 5642">
     <span class='ocr_line' id='line_1_41' title="bbox 0 0 1925 5642; baseline 0 0"><span class='ocrx_word' id='word_1_351' title='bbox 0 0 1925 5642; x_wconf 95' lang='lat' dir='ltr'> </span> 
     </span>
    </p>
   </div>
  </div>
 </body>
</html>
