3800 5642
372 765 376 772 .
402 680 465 744 212
870 701 1055 744 irenrnrcns

278 850 364 907 Fron,
403 824 626 908 Haganonem
646 821 814 907 quendam
830 823 974 885 militem
990 822 1031 885 de
1043 820 1269 885 mediocribus
1286 819 1350 884 sibi
1369 819 1521 883 consilia-

270 943 293 975 a.
312 931 366 972 92⁰·
400 924 487 987 rium
526 924 727 995 adsumenS,
765 947 942 1009 procerum
972 948 1110 988 suorum
1147 924 1328 988 consilium
1367 944 1521 1008 spernere

398 1027 499 1111 cepit.
524 1026 630 1110 Igitur
657 1026 812 1110 Hagano,
839 1050 939 1111 quem
968 1027 1157 1113 insperatae
1178 1049 1260 1114 opes
1278 1024 1423 1088 nimium
1450 1047 1523 1110 pro-

398 1136 573 1195 vexerant,
603 1128 699 1190 lateri
725 1127 796 1210 ejus
816 1129 998 1209 adsistens,
1027 1130 1121 1214 regni
1147 1128 1284 1214 negotia
1306 1125 1519 1212 disponebat.

400 1229 496 1305 Quod
514 1252 631 1292 omnes
651 1252 735 1314 pene
754 1230 959 1293 Francorum
982 1254 1136 1316 proceres
1157 1231 1312 1293 videntes
1332 1236 1366 1293 et
1387 1229 1522 1314 indigne

396 1331 553 1406 ferentes
578 1354 690 1415 regem
711 1332 944 1396 deseruerunt.
968 1333 1154 1396 Herbertus
1171 1333 1273 1396 etiam
1294 1331 1522 1394 Vermenden-

397 1436 484 1497 sium
496 1457 609 1497 comes
623 1441 772 1496 montem
787 1434 985 1498 laudunum
999 1435 1049 1498 illi
1060 1434 1212 1498 abstulit,
1225 1435 1435 1498 Memoratus
1444 1456 1522 1518 quo-

399 1560 463 1623 que
477 1536 660 1599 Rotbertus
682 1537 895 1621 Burgundiae
915 1538 983 1600 dux
1003 1547 1117 1601 contra
1135 1561 1210 1600 eum
1232 1535 1396 1599 rebellare
1412 1536 1519 1621 cepit:

396 1646 429 1702 et
451 1639 591 1701 veniens
616 1638 657 1700 ab
680 1639 873 1723 Burgundio
893 1663 968 1703 cum
986 1640 1096 1702 valida
1119 1640 1264 1703 militum
1286 1662 1402 1717 manu,
1426 1662 1524 1725 super

402 1743 524 1802 Axona
553 1741 695 1802 fluvium
718 1764 778 1804 sua
802 1744 981 1828 temptoria
1010 1743 1094 1806 lixit.
1120 1742 1263 1805 Karalus
1295 1764 1375 1804 vero
1402 1740 1522 1804 resedit

275 1862 361 1925 Ftod„
405 1867 505 1928 super
523 1842 699 1905 fluviolum
718 1843 920 1907 SaramSed
938 1868 1015 1907 cum
1031 1844 1153 1908 cotidie
1171 1843 1267 1907 ducis
1285 1843 1441 1906 Rotberti
1458 1843 1524 1906 vir-

278 1955 300 1987 a.
315 1947 368 1990 ⁹22·
404 1952 460 2008 tus
475 1952 695 2019 excreseeret,
708 1945 795 2030 regis
808 1955 921 2009 autem
933 1947 1151 2019 decresceret,
1164 1947 1307 2009 Karolus
1326 1969 1405 2008 cum
1419 1946 1524 2009 amico

401 2070 461 2110 suo
476 2048 660 2133 Haganone
672 2054 763 2109 trans
776 2048 907 2111 Mosam
919 2049 1064 2112 latenter
1081 2049 1316 2134 proficiscitur.
1332 2049 1438 2110 Porro
1450 2054 1525 2134 post

401 2150 463 2211 hec
490 2149 659 2234 praelatus
694 2148 876 2213 lietbertus
906 2175 923 2213 a
955 2151 1158 2237 quibusdam
1195 2149 1326 2213 Galliae
1357 2150 1526 2235 episcopis

403 2250 591 2313 diademate
611 2252 702 2335 regio
728 2274 762 2313 se
780 2253 943 2334 coronari,
967 2255 1088 2339 partim
1109 2253 1221 2326 minis
1243 2252 1367 2338 partim
1386 2252 1527 2316 extorsit

239 2391 308 2444 nugo
319 2388 381 2431 nav.
402 2353 590 2429 blandiciis,
608 2376 697 2415 anno
713 2355 957 2417 incarnacionis
975 2356 1161 2418 dominicae
1177 2353 1252 2421 924.
1276 2354 1406 2417 Eodem
1426 2355 1527 2418 etiam
1549 2443 1552 2451 ι

402 2479 489 2517 anno
512 2455 665 2518 Herveus
675 2457 857 2518 Remorum
873 2458 1146 2543 archiepiscopus
1166 2457 1261 2526 obiit,
1291 2465 1325 2520 et
1353 2456 1526 2526 Sevullus,

405 2557 556 2640 ejusdem
573 2558 734 2621 ecclesiae
754 2559 1021 2639 archidiaconus,
1040 2561 1091 2622 illi
1111 2559 1285 2623 successit.

286 2676 360 2725 Flod.
447 2659 608 2746 Sequenti
620 2684 698 2722 vero
711 2683 810 2736 anno,
824 2685 883 2723 rex
898 2663 1040 2725 Karalus
1056 2686 1132 2725 cum
1149 2662 1200 2725 sui
1217 2661 1312 2743 regni
1330 2662 1531 2725 Lotharien-

272 2771 295 2803 a.
314 2761 368 2803 ⁹²³·
404 2762 499 2824 sibus
518 2762 649 2825 Mosam
668 2764 849 2841 transienS,
869 2773 983 2827 contra
1001 2764 1168 2850 prelatum
1186 2786 1299 2850 regem
1324 2763 1529 2827 Rotbertum

311 2860 318 2869 ’
402 2865 445 2927 ad
483 2864 693 2926 Attiniacum
731 2864 833 2928 venit.
862 2867 1045 2929 llotbertus
1070 2889 1203 2953 quoque
1222 2889 1280 2927 rex
1307 2872 1426 2928 contra
1452 2890 1529 2929 eum

402 2966 577 3051 processit,
605 2974 638 3029 et
662 2990 762 3053 super
784 2969 941 3031 Axonam
966 2969 1028 3031 sub
1048 2968 1130 3031 urbe
1151 2968 1353 3033 Suessonica
1371 2991 1433 3031 sua
1455 2968 1531 3032 tixit

403 3070 594 3154 temptoria.
627 3068 691 3132 Sed
720 3069 863 3132 llarolus
891 3094 969 3134 cum
987 3071 1057 3133 suis
1085 3069 1364 3133 Lothariensibus
1390 3080 1531 3155 repente

404 3194 596 3257 supereum
612 3172 726 3249 irruit3
745 3171 857 3257 ibique
872 3172 1054 3236 Rotbcrtus
1065 3173 1099 3235 in
1117 3174 1190 3259 ipso
1209 3171 1289 3235 belli
1305 3171 1446 3235 exordio
1462 3196 1532 3236 non

405 3274 525 3336 minori
543 3273 697 3337 fortunae
710 3274 839 3360 impetu
857 3275 1040 3338 destitutus
1058 3299 1160 3362 quarn
1177 3275 1283 3338 luerat
1302 3274 1426 3354 elatus,
1446 3276 1533 3362 peri-

406 3376 519 3438 mitur.
541 3376 666 3438 Verum
686 3375 744 3438 ubi
759 3386 835 3461 post
853 3377 979 3441 bellum
1004 3378 1241 3441 Lotharienses
1261 3377 1382 3439 adsue
1402 3379 1533 3440 reversi

243 3498 313 3553 augo
331 3494 392 3536 nav.
411 3486 502 3553 sunt,
525 3477 711 3541 Herbertus
724 3501 837 3542 comes
851 3502 966 3564 regem
983 3480 1140 3543 Karolum
1159 3480 1235 3542 dolo
1249 3479 1339 3565 cepit
1350 3486 1384 3542 et
1399 3479 1532 3545 Perona

406 3580 540 3658 direxit,
553 3580 666 3666 ibique
676 3580 772 3643 illurn
785 3604 843 3667 per
856 3588 964 3644 toturn
978 3582 1246 3667 quinquennium
1262 3581 1412 3644 vinculis
1422 3583 1534 3647 tenuit

406 3681 590 3745 inretitum.
607 3684 719 3745 Finito
735 3706 814 3745 vero
830 3684 1061 3769 quinquennio
1077 3683 1202 3746 ibidem
1213 3682 1357 3746 Karolus
1373 3684 1533 3769 spiritum

257 3817 311 3859 929,
320 3811 390 3857 Hist.
406 3784 564 3862 exalavit,
579 3792 611 3847 et
632 3785 666 3846 in
677 3784 817 3848 ecclesia
830 3786 919 3849 beati
929 3787 1044 3849 Fursei
1055 3785 1271 3849 tumulariam
1284 3784 1404 3849 habuit
1420 3787 1534 3873 sepul-

245 3889 289 3936 Fr.
297 3887 395 3935 Senon.
408 3894 531 3950 turam·

246 4004 405 4065 Hugotlav..
456 3987 608 4051 Habebat
636 3988 788 4074 prelatus
823 4014 882 4053 rex
908 3991 1018 4054 tilium
1046 3991 1179 4053 nomine
1207 3988 1464 4074 Lugdovicum,
1491 4013 1532 4054 ex

407 4091 520 4177 Agiva
541 4092 732 4177 Anglorum
748 4093 837 4178 regis
853 4099 1049 4179 susceptum
1067 4093 1148 4156 tilia.
1170 4092 1235 4169 Qui
1250 4100 1409 4156 metuens
1422 4100 1533 4180 pater·

405 4216 468 4257 nae
493 4194 695 4257 calamitatis
722 4195 852 4257 involvi
878 4195 1038 4281 procella,
1071 4218 1161 4258 mare
1184 4194 1355 4258 transiens
1377 4194 1480 4259 latuit
1496 4194 1530 4258 in

405 4297 598 4382 Anglorunr
623 4305 722 4360 terra.
752 4296 948 4360 Vacillabat'
977 4298 1081 4383 igitur
1117 4296 1240 4368 Gallia,
1268 4320 1345 4359 cum
1377 4296 1527 4383 Hugoni‚

405 4398 544 4460 Roberti
554 4422 661 4484 nuper
676 4397 826 4461 defuncti
842 4399 1028 4473 ducisfiliri,
1041 4400 1098 4486 qui
1113 4407 1190 4486 post
1207 4423 1268 4485 pro
1282 4398 1382 4462 bonis
1400 4400 1531 4463 actibus

405 4499 520 4586 Magni
536 4524 658 4564 nomen
674 4502 874 4587 promeruit,
897 4502 1037 4588 puerilis
1057 4503 1237 4566 obsisteret
1254 4507 1327 4564 etas
1347 4502 1529 4587 quominus
