3800 5642
851 685 1039 732 arrrunrcns
1441 668 1505 736 205

383 809 468 876 obiit
491 811 645 890 Turonis,
671 811 892 898 sepultusque
916 818 968 875 est
992 811 1034 875 ad
1061 811 1221 876 Sanctum
1250 812 1447 896 Martinum,
1473 820 1506 877 et

383 913 548 979 successit
576 914 606 977 ei
631 913 833 977 Heimardus
861 914 912 977 vir
937 915 1161 978 venerandus,
1190 916 1283 978 Tunc
1306 914 1369 978 fuit
1399 916 1507 980 fames

384 1038 507 1103 magna
529 1038 589 1102 per
611 1015 785 1079 Franciam
804 1021 836 1078 et
859 1015 1102 1101 Burgundiam.

429 1119 531 1182 Anno
548 1117 590 1182 ab
603 1118 669 1182 inc.
681 1118 779 1182 Dom.
796 1116 872 1182 943.
891 1116 1087 1182 Willelmus
1101 1119 1256 1182 Rollonis
1272 1120 1361 1183 lilius
1375 1121 1506 1184 occisus

384 1228 449 1297 est,
474 1228 508 1285 et
528 1219 716 1284 Richardus
733 1220 862 1306 primus
883 1221 1059 1295 successit,
1075 1221 1132 1307 qui
1153 1222 1396 1285 Nornranniam
1418 1223 1506 1286 dono

385 1323 475 1409 regis
504 1321 667 1387 Ludovici
705 1321 863 1387 obtinuit.
897 1324 997 1410 llugo
1035 1324 1182 1408 Magnus
1220 1324 1425 1388 Normannis
1464 1325 1506 1390 ad
1605 1334 1609 1342 '

385 1425 621 1511 paganismum
653 1424 776 1488 reverti
805 1424 999 1488 volentibus
1027 1425 1256 1510 congreditur,
1289 1435 1323 1491 et
1346 1451 1385 1491 eo
1419 1451 1506 1491 anno

387 1527 532 1591 ducatus
552 1527 577 1591 F
580 1526 712 1591 ranciae
731 1550 749 1590 a
771 1527 942 1590 Ludovico
962 1528 1157 1591 conceditur
1176 1528 1217 1594 ei.
1232 1530 1332 1592 Anno
1352 1531 1508 1616 sequenti

387 1629 587 1694 Heribertus
623 1628 718 1693 obiit.
758 1629 835 1691 Filii
875 1631 960 1717 ejus,
992 1630 1220 1694 mediantibus
1255 1629 1389 1695 Othone
1424 1634 1508 1696 duce

387 1731 659 1796 Lothariensium
678 1738 711 1794 et
726 1731 940 1795 Adalberone
959 1733 1116 1818 episcopo
1136 1734 1297 1797 Mettensi
1316 1742 1350 1797 et
1367 1735 1508 1822 Hugone

386 1833 482 1907 duce,
514 1857 531 1898 a
564 1834 735 1898 Ludovico
769 1834 989 1920 recipiuntur.
1027 1836 1130 1921 Hugn
1162 1858 1201 1898 eo
1234 1842 1350 1900 tenore
1389 1837 1431 1901 ab
1469 1861 1508 1901 eo

386 1943 563 2023 susceptus
580 1943 643 2014 est,
663 1944 702 2000 ut
719 1936 749 1999 ei
766 1936 857 2000 aliud
875 1938 1083 2023 episcopium
1100 1937 1345 2024 provideretur,
1364 1939 1507 2003 Artoldo

387 2038 554 2102 Remense
581 2039 787 2102 redderetur.
814 2040 895 2103 Post
919 2041 1001 2103 haec
1024 2040 1114 2104 Otho
1140 2040 1207 2102 dux
1236 2040 1508 2105 Lothariensium

386 2140 482 2224 obiit,
505 2148 539 2205 et
559 2140 736 2205 Conradus
749 2142 909 2205 ducatum
925 2142 1083 2206 obtinuit.

433 2251 532 2307 Anno
549 2242 626 2324 946,
648 2243 799 2308 Marinus
814 2267 898 2330 papa
916 2245 1073 2323 decessit,
1087 2252 1120 2308 et
1136 2245 1305 2331 Agapitus
1321 2234 1504 2326 successit;

385 2368 474 2409 anno
511 2352 625 2410 autem
659 2346 838 2432 praeterito
877 2346 1071 2410 Ludovicus
1106 2348 1288 2411 Remorum
1331 2347 1508 2412 obsederat

385 2446 516 2523 urbem,
553 2456 599 2522 et,
639 2448 786 2535 acceptis
818 2448 993 2512 obsidibus
1026 2473 1044 2512 a
1080 2450 1223 2534 Hugone
1262 2449 1302 2513 de
1338 2449 1507 2514 reddenda

385 2550 515 2613 ratione
542 2550 727 2637 dequibus
746 2550 1020 2635 interrogaretur,
1044 2551 1085 2614 ab
1112 2550 1287 2614 obsidione
1309 2560 1505 2617 recesserat.

386 2652 468 2716 lnde
486 2651 675 2716 Rodomum
689 2653 870 2738 profectus,
883 2653 960 2716 dolo
981 2661 1100 2740 captus
1113 2661 1164 2717 est
1180 2677 1196 2717 a
1212 2653 1366 2718 lidelibus
1387 2655 1456 2718 suis
1474 2663 1509 2719 et

386 2753 449 2818 sub
472 2754 625 2818 custodia
646 2754 814 2819 detentus.
843 2754 943 2841 Hugo
965 2779 1098 2842 quoque
1124 2755 1239 2820 ltaliae
1266 2780 1284 2819 a
1307 2757 1377 2819 suis
1404 2780 1507 2843 regno
1564 2765 1569 2772 '

386 2856 504 2942 pulsus
520 2864 588 2936 est3
611 2857 665 2921 cui
681 2857 846 2921 successit
865 2857 1046 2922 Lotharius
1062 2858 1152 2921 filius
1168 2859 1251 2945 ejus.
1265 2859 1409 2944 Hugone
1428 2882 1508 2923 vero

386 2957 512 3045 Magno
532 2958 573 3022 de
593 2959 682 3045 regis
697 2960 869 3045 ereptione
886 2958 1072 3038 laborante,
1092 2960 1179 3023 datis
1199 2960 1375 3023 obsidibus
1392 2961 1508 3024 dimit-

385 3067 512 3141 tantur,
538 3068 572 3125 et
595 3069 773 3148 susceptus
797 3062 839 3125 ad
866 3084 904 3124 eo
935 3062 1110 3125 Tetbaudo
1134 3063 1359 3126 committitur
1383 3063 1509 3127 Carno-

386 3163 533 3226 tensium
548 3164 679 3244 comiti,
697 3171 731 3228 et
749 3171 827 3250 post
845 3187 971 3227 annum
990 3187 1094 3248 regno
1111 3165 1299 3228 restitutus.
1316 3163 1509 3227 ludovicus

386 3272 419 3328 et
429 3263 519 3328 Otho
531 3265 632 3328 simul
643 3265 754 3351 juncti
769 3266 951 3328 Remorum
967 3265 1083 3330 urbem
1101 3266 1277 3329 obsidione
1291 3266 1506 3343 circundant3

387 3374 420 3430 et
439 3368 583 3453 Hugone
604 3368 761 3454 episcopo
780 3368 879 3431 tertio
900 3368 1086 3431 obsidionis
1106 3368 1159 3430 die
1175 3391 1251 3431 cum
1271 3368 1341 3430 suis
1357 3391 1505 3452 egresso,

387 3468 555 3533 Robertus
577 3470 791 3533 Treverensis
811 3477 843 3534 et
863 3470 1052 3534 Fridericus
1075 3470 1368 3556 Mogunciacensis
1392 3471 1508 3533 Artol·

386 3570 479 3650 dum,
502 3571 579 3659 quia
604 3572 651 3634 sic
674 3572 763 3635 sedis
781 3572 953 3635 Romanae
968 3573 1150 3636 auctoritas
1164 3572 1449 3658 promulgaverat,
1474 3572 1507 3634 in

386 3673 500 3737 sedem
521 3674 716 3737 restituunt.

430 3776 532 3838 Anno
561 3776 713 3862 sequenti
739 3776 873 3862 utrique
903 3800 999 3863 reges
1030 3777 1139 3863 Aquis
1168 3776 1295 3839 Pascha
1323 3775 1505 3840 celebrant.

386 3877 544 3963 Synodus
563 3878 764 3942 denunciata
783 3879 868 3941 circa
892 3880 1040 3942 medium
1067 3878 1193 3941 mensis
1209 3878 1412 3942 Novembris
1429 3880 1507 3942 Vir-

385 3978 485 4042 dunis
522 3988 574 4044 est
611 3980 736 4059 habita,
773 3980 985 4066 praesidente
1018 3980 1166 4044 Roberto
1205 3981 1395 4044 Trevirensi
1431 4004 1508 4044 cum

387 4080 529 4144 Artoldo
583 4080 763 4162 Remensi,
816 4082 1019 4168 Berengario
1075 4082 1297 4157 Virdunensi,
1352 4082 1508 4147 Odalrico

385 4183 551 4269 Aquensi,
582 4182 798 4248 Adalberone
826 4185 999 4264 Mettensi,
1029 4185 1177 4247 Gosleno
1206 4185 1369 4263 Tullensi,
1394 4184 1507 4247 Hilde-

387 4282 496 4349 baudo
519 4285 798 4368 Transrhenensi,
821 4286 942 4349 lsraele
968 4287 1131 4366 Brittone,
1151 4295 1325 4373 praesente
1355 4287 1509 4348 Brunone

385 4386 507 4451 abbate
536 4386 636 4451 fratre
670 4389 759 4474 regis
787 4388 944 4466 Othonis,
972 4388 1150 4475 Agenoldo
1182 4396 1215 4451 et
1244 4388 1398 4464 Odilone,
1431 4410 1507 4450 cum
1571 4473 1574 4479 Ι

386 4488 462 4552 aliis
486 4489 689 4577 quibusdam
715 4489 967 4553 venerabilibus
993 4489 1185 4554 abbatibus.
1210 4489 1369 4576 Synodus
1394 4495 1506 4552 autem
