3800 5642
767 662 955 707 Arrenurerss
1368 646 1433 710 175

304 790 411 848 etiam
427 783 519 871 loqui
535 807 612 848 cum
627 785 781 870 praesule
797 792 924 866 nostre,
947 786 1105 872 Hugone,
1128 787 1337 874 praecipiens
1351 788 1381 852 ei
1396 795 1433 852 ut

304 887 420 974 ipsum
450 888 562 950 locum
586 893 777 964 exornaret,
795 887 947 973 viditque
975 888 1021 951 ihi
1054 889 1308 954 multitudinem
1329 890 1433 954 libro-

306 1011 395 1068 rum,
414 996 449 1053 et
463 989 561 1076 quasi
579 1011 679 1074 super
692 988 784 1076 ipsos
800 987 904 1052 libros
916 991 1061 1054 eundem
1072 992 1264 1077 praesulem
1279 999 1434 1056 nostrum

304 1090 571 1155 accubitantem.

355 1193 489 1272 Postea,
515 1192 661 1279 quadam
681 1192 851 1256 dominica
871 1201 981 1271 noete,
1002 1194 1088 1258 vidit
1108 1195 1150 1258 ad
1175 1217 1210 1259 se
1235 1195 1267 1258 in
1294 1194 1432 1260 domum

305 1294 415 1381 patris
449 1295 501 1358 sui
539 1294 794 1379 ingredientesr
830 1302 987 1358 sanctum
1024 1297 1162 1360 Petrum
1204 1305 1237 1361 et
1278 1304 1434 1361 sanctum

307 1395 495 1460 Martinam
528 1417 605 1458 eum
637 1396 754 1458 multis
789 1394 876 1475 aliie,
906 1395 1112 1483 videbatque
1145 1396 1192 1459 ibi
1219 1396 1285 1460 duo
1319 1397 1434 1461 haberi

305 1496 438 1575 altaria,
456 1520 563 1560 unum
578 1503 656 1561 ante
685 1497 791 1560 altare
811 1497 971 1582 positum,
998 1504 1031 1562 et
1058 1521 1094 1562 se
1117 1499 1313 1563 offerentem
1342 1499 1434 1562 obla-

307 1599 438 1663 tionem
458 1621 565 1664 suam.
589 1599 667 1663 Alia
696 1598 769 1662 viee
786 1599 872 1662 vidit
892 1599 989 1685 quasi
1007 1623 1123 1664 cruces
1141 1601 1221 1664 illue
1245 1601 1378 1681 deferri,
1400 1609 1436 1695 et

305 1723 430 1788 aquam
459 1700 684 1764 clarissimam
716 1701 855 1787 perinde
885 1724 1029 1780 currere,
1055 1710 1088 1766 et
1102 1703 1186 1766 duas
1207 1726 1287 1766 aves
1316 1704 1433 1767 candi-

305 1802 464 1867 dissimas
482 1803 516 1867 in
534 1802 651 1867 eadem
666 1825 754 1890 aqua
772 1826 807 1865 se
823 1803 974 1888 accipere
989 1827 1171 1891 secumque
1187 1805 1326 1869 deferre.
1348 1806 1433 1869 Item

307 1904 396 1968 vidit
411 1928 446 1968 se
466 1927 541 1968 esse
556 1904 589 1967 in
610 1905 754 1990 quodam
775 1927 917 1968 amoeno
937 1904 1023 1982 loce,
1046 1905 1227 1993 velumque
1245 1908 1380 1994 nigrum
1398 1930 1434 1971 se

307 2029 410 2092 super
429 2013 530 2094 caput
549 2004 691 2085 habere;
709 2006 749 2071 de
769 2029 929 2093 quocum
956 2007 1165 2095 requisisset,
1195 2008 1324 2074 audivit
1343 2010 1433 2095 quod

306 2108 380 2174 fieri
399 2131 512 2173 nonna
527 2107 676 2173 deberet.
698 2109 734 2171 In
751 2116 849 2172 nocte
869 2132 948 2172 vero
970 2110 1174 2175 Parasceves
1192 2119 1270 2175 ante
1292 2111 1430 2191 Pascha,

306 2210 394 2275 vidit
422 2233 458 2275 se
486 2233 560 2275 esse
591 2218 669 2274 ante
703 2211 872 2297 quendam
905 2212 1019 2274 locum
1062 2212 1257 2276 horribilem
1290 2221 1323 2276 et
1355 2213 1432 2299 igne

305 2313 485 2399 repletum,
499 2318 690 2399 antequem
712 2335 792 2376 crux
812 2321 883 2377 erat
898 2314 1022 2400 posita,
1035 2337 1076 2377 ex
1087 2337 1154 2378 una
1169 2322 1263 2400 parte
1275 2314 1430 2395 candida,

303 2438 348 2479 ex
367 2414 484 2494 altera,
513 2437 579 2501 qua
598 2415 710 2501 ipsum
733 2415 844 2478 locum
868 2416 1118 2503 prospectabat,
1136 2417 1245 2501 ignea.
1272 2418 1308 2481 ln
1332 2440 1432 2503 quem

305 2517 421 2580 locum
450 2517 632 2581 intromitti
658 2517 795 2581 videbat
824 2518 950 2582 multos
980 2542 996 2582 a
1029 2518 1250 2582 daemonibus
1261 2518 1289 2599 l,
1319 2519 1433 2605 plures

304 2626 421 2683 lamen
447 2627 481 2683 et
509 2618 653 2706 majores
681 2618 770 2683 foras
806 2620 1021 2698 remansisse,
1058 2621 1282 2708 audiebatque
1312 2645 1431 2685 vocem

304 2721 488 2801 dicentem,
515 2722 608 2808 quod
635 2722 669 2785 hi
692 2728 807 2785 essent
833 2722 1061 2785 archidiaconi
1083 2730 1116 2787 et
1140 2724 1322 2811 praepositi
1343 2723 1434 2810 judi-

303 2830 477 2910 cesqueet
492 2824 638 2911 majores
658 2830 759 2911 atque
770 2825 900 2903 decani,
921 2824 1068 2911 quesibi
1084 2825 1221 2890 videbat
1234 2826 1429 2890 residentes
1460 2816 1462 2822 ¹

352 2925 450 2996 ltem,
466 2926 585 3015 quinta
600 2925 681 2990 feria
702 2924 872 3013 paschalis
893 2925 971 2990 festi
994 2927 1132 2992 videbat
1146 2927 1213 2991 duo
1235 2951 1316 2991 vasa
1338 2928 1433 3014 legu-

304 3027 399 3090 mine
414 3028 527 3115 plena,
543 3051 648 3093 unum
657 3027 734 3114 pisi,
749 3028 893 3091 alterum
912 3027 1026 3109 lentiS,
1040 3052 1082 3092 ex
1096 3029 1220 3117 quibus
1229 3030 1409 3093 elemosina
1422 3044 1434 3070 ⁶

304 3129 582 3208 distribuebatur,
599 3137 632 3194 et
646 3154 707 3193 vas
718 3129 819 3193 lentis
828 3130 1100 3211 exhauriebatur,
1119 3155 1179 3195 vas
1193 3154 1273 3196 vero
1284 3132 1350 3218 pisi
1366 3155 1432 3195 non

304 3231 494 3296 deficiebat.
513 3233 609 3312 ltem,
630 3255 668 3295 ea
680 3238 778 3295 noete
794 3255 858 3319 qua
877 3255 960 3296 crux
977 3233 1088 3298 ablata
1109 3233 1172 3296 suit
1192 3233 1233 3297 ab
1249 3234 1434 3297 aecclesia‘¹

304 3334 452 3400 Sanctae
463 3346 475 3376 e
487 3334 613 3399 Mariae
623 3334 638 3386 s
647 3334 775 3414 Remis,
794 3334 933 3398 videbat
948 3358 984 3398 se
1000 3357 1074 3398 esse
1087 3334 1130 3398 ad
1142 3343 1273 3422 portam
1285 3336 1433 3400 civitatis

304 3437 539 3502 Trevirensem
568 3435 706 3519 dictam,
739 3443 772 3500 et
798 3436 907 3522 ipsam
938 3460 1070 3501 crucem
1102 3436 1183 3500 ferri
1209 3438 1432 3524 anigerrimis

304 3538 507 3602 hominibus,
521 3538 626 3602 linteo
650 3545 764 3602 tamen
793 3538 936 3602 candido
968 3546 1173 3625 coopertam,
1209 3539 1431 3627 audiebatque

304 3663 425 3705 vocem
448 3640 651 3726 rogitantem
672 3640 755 3729 quid
774 3648 875 3705 tuma
896 3641 1068 3704 adoraturi
1094 3641 1151 3704 isti
1172 3640 1253 3704 boni
1280 3642 1433 3705 homines

304 3749 432 3822 essent,
456 3749 490 3806 et
510 3765 672 3828 personas
692 3742 733 3806 de
758 3742 875 3806 eadem
901 3765 999 3805 cruce
1022 3744 1265 3806 contendentes
1289 3744 1430 3823 audivit,

303 3844 482 3931 ipsamque
507 3867 639 3909 crucem
659 3844 701 3908 ab
723 3844 788 3924 his,
817 3845 876 3931 qui
896 3867 970 3908 eam
995 3845 1198 3926 detulerant,
1223 3845 1429 3910 auferebant.

305 3946 430 4009 Postea
440 3945 538 4024 vidit,
553 3946 617 4010 alia
629 3955 738 4026 nocte,
755 3946 876 4009 iterum
886 3946 1028 4009 eandem
1045 3970 1080 4011 se
1094 3949 1256 4027 tenuisse,
1270 3956 1303 4012 et
1321 3947 1433 4011 subito

304 4047 536 4134 disparuisse,
559 4048 656 4133 cujus
672 4048 781 4111 erucis
794 4072 913 4111 aurum
930 4057 1047 4135 postea
1071 4073 1111 4112 ex
1133 4059 1225 4136 parte
1247 4058 1429 4136 repertum,

305 4149 491 4236 Remisque
509 4151 652 4214 relatum
672 4158 735 4230 est,
755 4157 789 4213 et
805 4150 941 4236 quidam
964 4151 1063 4237 hujus
1086 4160 1239 4216 auctores
1262 4152 1430 4238 sacrilegii

304 4251 397 4340 capti
411 4259 513 4339 atque
526 4252 708 4339 suspendio
720 4252 913 4338 interempti
931 4261 1022 4318 sunt.

338 4410 363 4467 a)
374 4406 643 4467 ingredientemlsic‘),
657 4406 698 4454 e'd.
712 4407 819 4454 Pithon.
829 4405 891 4463 —hl
900 4407 1074 4474 demonibus,
1084 4409 1115 4455 Α.
1126 4435 1157 4441 -
1166 4410 1188 4461 cl
1200 4408 1381 4468 eleemosyna,
1389 4405 1430 4454 e'd.

306 4467 416 4516 Pithou.
427 4494 457 4504 -·
467 4468 493 4530 d)
510 4469 631 4530 ecclesia,
646 4469 681 4528 A3
694 4469 817 4526 ecclesia,
832 4467 875 4516 e'd.
893 4469 1000 4516 Pithon.
1012 4497 1043 4504 -
1056 4482 1078 4531 e)
1090 4464 1197 4531 Sancte,
1211 4470 1243 4516 A.
1255 4496 1285 4504 -
1298 4470 1322 4529 s,
1337 4469 1431 4528 Mario,

306 4530 339 4577 Α.
352 4557 385 4566 -
394 4530 422 4594 9)
443 4531 515 4590 dum,
540 4534 563 4577 2·
575 4531 615 4579 ed.
630 4532 738 4579 Pithon.
