3800 5642
376 676 439 743 184
843 696 1032 740 mammons

375 841 513 884 aureum
542 818 705 905 majorem
729 841 806 882 cum
828 818 973 904 gemmis
997 818 1032 881 in
1054 818 1180 882 honore
1207 817 1270 882 Dei
1302 817 1500 899 Genitricis,

375 921 487 1008 pondo
501 920 617 985 decem
637 920 811 1001 librarum,
832 921 891 985 sed
917 927 950 985 et
975 920 1038 983 alia
1059 920 1225 1006 quaedam
1243 919 1408 985 ecclesiae
1427 942 1503 1007 pre·

375 1023 507 1109 paravit
528 1029 737 1087 ornamenta.
763 1022 936 1087 Ciborium
964 1045 1097 1110 quoque
1122 1045 1224 1109 super
1243 1022 1349 1087 altare
1365 1029 1505 1087 sanctae

375 1124 502 1189 Mariae
515 1131 656 1209 argento
669 1131 915 1211 aggressusest
931 1124 1073 1211 operire,
1095 1125 1186 1211 quod
1202 1148 1288 1211 opus
1302 1131 1411 1188 morte
1426 1146 1505 1210 pre-

375 1226 534 1291 ventibus
563 1226 697 1311 explere
727 1227 891 1313 nequivit.
918 1226 1039 1290 Fertur
1066 1234 1180 1291 autem
1205 1249 1337 1291 veneno
1365 1233 1508 1314 potatus

376 1351 394 1392 a
406 1327 602 1392 domesticis
614 1328 667 1392 vel
680 1327 902 1393 familiaribus
919 1328 1089 1394 Heriberti
1100 1329 1234 1393 comitis
1248 1329 1356 1392 vitam
1373 1328 1505 1393 finisse.

435 1538 512 1624 Lis,
536 1536 593 1615 lV,
615 1557 643 1602 c.
661 1558 718 1602 xx.
736 1558 775 1601 oa
800 1556 972 1601 asserione
998 1557 1135 1601 nuoon'rs
1154 1558 1228 1601 ann
1253 1558 1434 1603 nnnrnsarr.

335 1779 341 1789 ,
420 1718 491 1782 Nec
511 1742 616 1800 mora,
640 1727 717 1806 post
743 1718 873 1783 obitum
896 1720 1004 1806 ipsius
1030 1718 1230 1784 Heribertus
1252 1741 1366 1784 comes
1389 1718 1510 1783 Remis

373 1821 482 1900 venit,
525 1821 694 1885 advocans
732 1821 912 1885 Abbonem
946 1823 1143 1909 episcopum
1185 1822 1428 1886 Suessonieum
1475 1829 1510 1885 et

373 1922 546 1986 Bovonem
564 1922 831 1989 Catalaunieum.
852 1923 984 2001 Quibus
1001 1924 1064 1987 sibi
1077 1922 1218 2009 junctis,
1237 1929 1389 1988 tractans
1405 1946 1513 2009 super

373 2023 538 2087 electione
563 2025 702 2090 rectoris
722 2024 823 2111 hujus
852 2026 1032 2090 Remensis
1061 2024 1234 2105 ecclesiae,
1259 2033 1330 2090 tam
1362 2024 1511 2089 clericos

375 2148 476 2212 quam
494 2126 599 2190 laicos
615 2128 657 2192 ad
674 2127 884 2191 voluntatem
902 2152 998 2192 suam
1016 2127 1190 2192 intendere
1206 2127 1295 2192 fecit.
1316 2129 1511 2214 Sequentes

374 2228 478 2315 igitur
494 2227 568 2314 ejus
585 2229 776 2309 consilium,
787 2253 828 2294 ne
844 2218 929 2294 forte
937 2253 997 2317 per
1009 2238 1186 2294 extraneas
1200 2252 1364 2316 personas
1377 2230 1511 2317 episco-

375 2338 475 2418 patus
506 2331 723 2412 divideretur,
750 2332 879 2417 eligunt
900 2333 1007 2396 filium
1030 2333 1137 2418 ipsius
1158 2332 1294 2396 nomine
1325 2331 1510 2418 Hugonem

376 2433 558 2496 admodum
585 2436 777 2521 parvulum,
811 2435 869 2522 qui
895 2458 957 2499 nec
984 2435 1093 2499 adhue
1118 2434 1341 2522 quinquennii
1370 2442 1511 2521 tempus

379 2535 561 2619 explesset.
578 2534 651 2612 Qua
671 2559 705 2599 re
720 2544 851 2623 patrata
869 2538 912 2601 ad
929 2560 1044 2624 regem
1063 2544 1257 2624 properant,
1275 2534 1348 2622 ejus
1362 2536 1509 2601 auctori-

378 2636 459 2700 tatis
476 2637 707 2723 impetrandae
723 2640 843 2726 gratia.
863 2640 1030 2703 Rodullus
1046 2639 1149 2724 igitur
1160 2662 1236 2723 pax,
1259 2638 1321 2702 hac
1341 2638 1509 2702 electione

380 2752 564 2829 comperta,
601 2744 808 2831 prelatorum
847 2747 1082 2833 episcoporum
1122 2745 1262 2809 consilio
1304 2745 1510 2808 Remensem

327 2842 329 2846 ’
381 2845 614 2933 episcopatum
638 2850 822 2912 committit
846 2848 1037 2929 Heribert0,
1066 2848 1246 2936 aequitatis
1269 2870 1410 2911 censura
1438 2846 1517 2910 dis-.

381 2948 575 3033 ponendum
595 2957 708 3038 atque
736 2951 922 3038 regendum
952 2951 994 3015 ab
1032 2952 1118 3037 ipsc.
1154 2949 1219 3027 Qui
1247 2948 1350 3014 etiam
1378 2948 1511 3034 legatos

383 3048 543 3114 ecclesiae
575 3074 651 3115 cum
680 3052 824 3118 Abbone
859 3054 993 3141 presule
1029 3050 1173 3117 Romam
1203 3052 1336 3116 mittere
1370 3050 1508 3136 satagit,
1557 3078 1560 3085 ·

385 3152 485 3239 hujus
510 3153 683 3217 electionis
718 3155 891 3220 decretum
927 3178 1042 3219 secum
1074 3153 1230 3234 ferenteS,
1266 3159 1300 3217 et
1333 3175 1511 3217 assensum

384 3277 489 3341 papae
505 3279 655 3341 superea
671 3265 836 3344 petentes
846 3258 1017 3323 lohannes
1030 3258 1143 3343 itaque
1159 3254 1513 3343 papa,interveniente

385 3355 530 3420 Abbone
569 3360 714 3445 presule,
758 3362 914 3447 petitioni
957 3384 1071 3425 eorum
1108 3374 1318 3424 consensum
1352 3356 1511 3444 prebens,

386 3459 595 3546 episcopium
624 3462 789 3526 Remense
814 3464 950 3527 Abboni
973 3464 1129 3550 episcopo
1155 3461 1299 3547 delegat,
1327 3482 1413 3546 quae
1433 3466 1515 3523 sunt

387 3561 588 3648 episcopalis
608 3564 787 3629 ministerii
806 3565 847 3629 ab
865 3566 938 3653 ipso
954 3566 989 3629 in
1009 3565 1124 3629 eodem
1148 3562 1317 3650 episcopio
1338 3560 1515 3626 tractanda
1542 3565 1544 3569 ’

388 3688 425 3728 ac
454 3664 600 3728 finienda
625 3665 819 3733 decernens.
852 3668 1050 3731 Heribertus
1063 3668 1176 3752 itaque
1196 3687 1321 3743 comcS,
1344 3669 1516 3751 potestate

389 3767 517 3854 potitus
540 3766 718 3832 Remensis
739 3769 913 3856 episcopii,
947 3769 1069 3854 injuste
1092 3768 1238 3857 privavit
1264 3773 1333 3831 tam
1359 3789 1426 3848 me,
1457 3764 1516 3853 qui

390 3892 458 3932 non
472 3868 689 3933 interfueram
714 3873 897 3958 premissae
921 3871 1078 3936 electioni
1096 3892 1187 3947 suae,
1214 3891 1316 3954 quam
1331 3866 1517 3931 nonnullos

391 3971 485 4049 alios,
513 3978 546 4035 et
573 3970 711 4036 clericos
736 3981 768 4038 et
793 3974 908 4053 laicoS,
937 3972 1110 4037 beneficiis
1130 3970 1385 4058 possessionum
1408 3967 1516 4032 eccle·

392 4073 615 4154 siasticarum,
642 4074 764 4162 quibus
806 4100 825 4139 a
856 4074 1112 4161 precedentibus
1146 4072 1313 4160 episcopis
1349 4068 1517 4134 munerati

392 4176 591 4256 videbamur
622 4176 918 4241 obsecundationis
943 4177 1062 4264 gratia.
1100 4175 1192 4253 Quae
1220 4198 1280 4261 pro
1309 4171 1411 4237 libitu
1438 4192 1517 4235 suae

392 4284 579 4349 voluntatis
618 4282 751 4371 quibus‘
775 4284 839 4348 sibi
869 4284 998 4371 placuit
1034 4282 1232 4368 impertivit.
1265 4280 1336 4344 Nec
1375 4279 1517 4365 longum

394 4396 522 4476 postea,
540 4387 690 4451 tumultu
708 4386 794 4450 infra
811 4387 996 4451 claustrum
1012 4384 1251 4450 canonicorum
1270 4383 1359 4446 inter
1378 4380 1519 4445 clericos

395 4496 523 4569 exorto,
549 4488 865 4577 supervenientibus
888 4488 1091 4576 quibusdam
1109 4486 1275 4551 militibus
1295 4507 1374 4550 cum
1402 4483 1516 4561 armis,
