3800 5642
839 705 1073 754 inraouucnon
1435 689 1519 749 xxm

394 836 498 908 diaris,
518 856 554 894 ne
570 833 725 914 justitiam
747 838 835 891 tuam
853 830 954 890 lacere
976 828 1134 888 desideres
1149 847 1254 886 coram
1275 827 1465 898 hominibus,
1483 834 1518 886 ut

393 943 527 1001 videaris
545 940 645 1017 abeis
663 939 686 999 ⁴.
712 940 772 998 Fac
796 944 826 997 te
845 943 953 1017 aptum
976 956 1073 1014 regno
1093 935 1163 1006 Dei,
1188 934 1358 1013 negotiare,
1382 934 1515 1005 lucrare,

393 1069 487 1129 super
508 1047 663 1107 destinato
684 1045 793 1104 bravio
814 1051 887 1103 tuae
910 1042 1084 1102 vocationis
1102 1042 1134 1100 in
1150 1041 1276 1101 Christo
1297 1041 1384 1100 lesu.
1407 1041 1467 1108 Qui
1486 1049 1517 1100 le

391 1162 500 1236 aptum
518 1155 628 1213 dicunt
642 1152 795 1230 dignitate
812 1151 934 1231 majori,
953 1150 1012 1230 ipsi
1024 1156 1066 1222 te,
1086 1149 1195 1218 lrater,
1206 1147 1379 1229 decipiunt,
1392 1155 1422 1208 et
1433 1147 1516 1207 viam

391 1281 553 1340 gressuum
584 1268 720 1333 tuorum,
758 1257 937 1317 consultore
974 1256 1110 1329 diabole,
1137 1263 1291 1314 conantur
1324 1255 1474 1334 dissipare
1491 1256 1514 1314 ².

394 1370 505 1428 Fateor
520 1367 603 1426 enim
620 1367 673 1447 qui
689 1365 837 1446 prodesse
853 1385 915 1422 non
930 1384 1086 1444 praeesse,
1104 1363 1158 1443 qui
1173 1361 1436 1421 contradictiones
1454 1382 1516 1420 non

392 1475 538 1548 honoreS,
562 1474 615 1554 qui
639 1473 761 1532 labores
789 1492 851 1530 non
875 1469 1016 1543 deliciaS,
1038 1470 1092 1550 qui
1118 1491 1197 1550 opus
1215 1490 1278 1528 non
1301 1489 1375 1549 opes
1398 1469 1517 1548 episco-

393 1588 484 1662 patus
511 1579 678 1650 desiderat,
708 1579 824 1637 bonum
854 1599 934 1659 opus
962 1576 1168 1636 desiderare3
1200 1597 1206 1637 :
1233 1576 1287 1635 sed
1313 1577 1346 1634 in
1370 1575 1516 1635 omnibus

393 1687 572 1747 interiorem
591 1687 711 1745 discute
730 1686 880 1758 animum,
902 1690 933 1744 et
948 1683 1033 1743 disce
1052 1684 1212 1742 Christum
1232 1703 1295 1742 non
1312 1682 1514 1761 semetipsum

391 1794 575 1853 clarificasse
606 1800 641 1851 ut
666 1792 808 1873 pontifex
847 1790 974 1851 lieretl.
1012 1790 1155 1850 Officium
1181 1790 1306 1870 quidem
1339 1789 1515 1870 episcopale

393 1901 598 1981 suscepimus,
619 1899 672 1958 sed
693 1920 772 1979 opus
792 1898 888 1957 olficii
905 1919 966 1957 non
990 1897 1173 1977 implemus3
1195 1898 1227 1954 in
1250 1899 1393 1955 affectata
1411 1917 1516 1977 praee·

392 2007 541 2066 minentia
566 2006 642 2066 latet
664 2005 849 2085 periculum.
875 2005 997 2063 Horreo
1029 2010 1139 2062 notare
1159 2004 1243 2084 quod
1275 2003 1355 2062 dixit
1377 2012 1513 2076 sanctus,

391 2113 513 2173 audivit
533 2120 670 2185 sanctuS,
695 2112 855 2191 rescripsit
871 2119 997 2171 sanctus
1023 2129 1029 2170 :
1058 2136 1071 2165 (ι
1098 2112 1189 2169 Nunc
1211 2131 1309 2169 essem
1332 2111 1370 2170 de
1384 2132 1514 2182 numero

391 2220 620 2293 damnatorum,
636 2220 661 2279 si
677 2219 804 2278 fuissem
817 2219 855 2278 de
872 2239 1003 2277 numero
1022 2219 1254 2299 episcoporum.
1273 2243 1287 2273 n
1309 2220 1394 2277 Haec
1409 2219 1514 2299 accipe

390 2328 481 2386 abeo
499 2327 552 2407 qui
576 2333 647 2386 tuus
665 2334 722 2398 est,
748 2333 779 2385 et
794 2325 878 2406 jacta
902 2325 933 2383 in
957 2326 1093 2384 Domino
1109 2325 1279 2402 cogitatum
1300 2324 1311 2358 ⁵
1334 2344 1341 2385 ;
1363 2325 1513 2405 patientia

390 2441 443 2492 tua
455 2454 517 2493 non
530 2433 644 2513 peribit
657 2433 689 2491 in
699 2434 792 2492 finem
814 2432 836 2491 ⁶.
852 2433 981 2491 Fientin
993 2431 1228 2505 desolationem,
1242 2431 1512 2503 subitodeficient,

390 2539 538 2620 peribunt
558 2547 686 2620 propter
706 2540 889 2618 iniquitates
912 2560 986 2598 suas
1007 2539 1061 2619 qui
1086 2546 1114 2598 te
1132 2539 1276 2612 oderunt,
1299 2538 1514 2618 Cognoscetur

390 2647 543 2705 Dominus
552 2646 673 2727 judicia
691 2646 819 2718 lacienS,
847 2654 878 2705 et
895 2647 926 2704 in
948 2646 1097 2725 operibus
1116 2667 1264 2705 manuum
1282 2667 1407 2705 suarum
1429 2667 1513 2705 com-

390 2753 600 2833 prehendetur
629 2760 785 2832 peccator.
820 2753 881 2812 Ora
900 2773 957 2832 pro
973 2773 1032 2812 me.
1067 2753 1225 2834 Scriptum
1252 2753 1352 2834 pridie
1381 2753 1510 2812 Kalend.

389 2859 501 2919 Octob.
519 2880 600 2919 anno
615 2860 658 2918 ix⁰
672 2858 705 2939 lj.

433 3020 484 3084 En
505 3018 581 3099 962,
595 3028 613 3083 a
631 3020 662 3084 la
682 3029 772 3085 mort
785 3021 969 3102 d'Artaud,
983 3020 1150 3085 Flodoard
1159 3021 1227 3108 prit
1236 3029 1313 3108 part
1329 3045 1370 3085 en
1384 3021 1511 3108 qualite

388 3133 429 3199 de
448 3135 613 3200 chanoine
633 3136 674 3200 de
690 3136 819 3217 ReimS,
838 3159 919 3200 avec
940 3138 970 3201 le
991 3137 1041 3200 roi
1063 3138 1233 3219 Lothaire,
1256 3138 1288 3201 la
1308 3138 1399 3202 reine
1420 3144 1510 3202 mere

388 3250 559 3338 Gerberge
579 3259 613 3315 et
633 3249 866 3339 l’archeveque
884 3253 924 3316 de
945 3253 1108 3339 Cologne‚
1130 3254 1279 3331 Brunon,
1305 3262 1323 3317 a
1343 3253 1510 3318 l'election

387 3364 557 3431 d'Odelric
577 3390 708 3432 comme
723 3369 932 3456 archeveque
950 3369 992 3433 de
1012 3369 1128 3433 Reims
1144 3371 1166 3434 ⁷.
1182 3370 1328 3434 L'anne'e
1340 3370 1507 3450 suivante,

387 3503 424 3545 se
448 3490 586 3547 sentant
604 3483 739 3564 vieillir‚
760 3484 849 3548 brise
872 3508 931 3571 par
956 3484 1042 3571 l'age
1063 3492 1097 3550 et
1122 3484 1257 3549 accable
1282 3485 1507 3566 d'inlirmiteS,

387 3595 412 3659 il
447 3599 592 3686 abdiqua
624 3622 686 3662 son
715 3600 891 3664 canonicat
923 3600 1130 3684 (praelatura
1154 3590 1401 3688 ministerium)
1427 3603 1511 3666 dont

420 3957 442 4001 1.
460 3953 569 4015 Marah,
584 3959 606 4013 6,
621 3971 648 4003 v.
663 3960 685 4002 1.

419 4020 441 4061 2.
460 4016 522 4076 lsa,
535 4021 558 4077 3,
572 4033 599 4064 ν,
613 4021 651 4064 12.
811 4055 813 4062 ,

418 4082 441 4126 3,
460 4079 502 4125 Ad
516 4078 646 4136 Timoth.,
660 4094 683 4126 c.
697 4085 719 4138 3,
735 4095 761 4128 v.
776 4086 799 4128 1.

419 4142 441 4186 4.
460 4141 502 4187 Ad
516 4141 600 4189 Hebr.
619 4146 642 4188 5.

418 4206 441 4248 5.
460 4203 558 4251 Psalm.
572 4207 611 4261 54,
623 4219 649 4252 v.
664 4208 702 4252 13.

418 4268 441 4312 6.
461 4265 559 4312 Psalm.
573 4272 596 4324 9,
609 4281 633 4313 v.
649 4271 686 4314 19.

399 4330 441 4398 Ι7.
460 4327 542 4386 Αηη.,
556 4343 580 4375 a.
594 4332 639 4375 962
654 4344 659 4377 :
675 4349 687 4371 «
706 4328 790 4391 Cujus
809 4329 953 4389 legationis
972 4330 996 4393 (a
1014 4332 1137 4379 Johannc
1156 4332 1233 4379 XXII
1246 4332 1324 4395 papa]
1340 4333 1440 4383 redditi
1453 4348 1510 4380 cer-

384 4391 470 4436 tiores
484 4404 532 4450 per
548 4390 713 4438 Brunoncmv
724 4392 970 4454 archiepiscopum,
985 4393 1119 4457 elepimus
1137 4397 1170 4442 ud
1189 4396 1377 4457 episcopatum
1395 4397 1511 4443 Remen-

387 4465 444 4498 sem
469 4450 633 4511 Odelricum,
652 4452 785 4501 illustrem
807 4455 945 4513 clericum,
971 4456 1095 4516 lingonis
1118 4456 1259 4518 cujusdam
1284 4459 1393 4507 comitis
1416 4458 1508 4517 lilium,

387 4512 497 4560 favente
510 4513 639 4562 Lothario
652 4530 714 4576 rege
727 4530 790 4563 cum
805 4518 896 4578 regina
910 4521 997 4565 matre
1011 4520 1188 4581 praefatoque
1201 4520 1337 4569 Brunonc.
1353 4541 1364 4563 »
