3800 5642
850 662 1038 710 Appenninus

760 899 841 955 naon
867 913 913 956 vu
940 890 1125 981 (936-939).

434 1114 605 1204 Septimus
625 1112 802 1199 exsurgit‘*
815 1112 895 1195 Leo,
915 1136 977 1179 nec
998 1122 1109 1179 tamen
1130 1115 1222 1180 ista¹³
1241 1116 1401 1183 volutans
1414 1130 1437 1201 ⁰,

384 1220 454 1284 Nec
470 1239 604 1296 curanS,
621 1215 726 1302 apicis
747 1215 876 1295 mundi,
899 1238 960 1280 nec
977 1215 1066 1281 celsa
1082 1218 1256 1304 requirens
1275 1239 1282 1285 :

383 1321 462 1388 Sola
477 1319 539 1385 Dei
559 1341 643 1405 quae
659 1323 739 1381 sunt
756 1317 858 1381 alacri
869 1318 931 1381 sub
947 1325 1083 1404 pectore
1096 1320 1249 1401 volvens

384 1423 609 1507 Culminaque
625 1420 769 1497 evitans,
789 1418 902 1483 oblata
918 1419 1031 1484 subire
1048 1429 1221 1487 renutans.

384 1527 515 1612 Raptus
532 1531 565 1587 at
580 1522 732 1609 erigitur,
748 1521 938 1608 dignusque
953 1523 1059 1587 nitore
1076 1524 1248 1610 probatur.

384 1625 560 1709 Regminis
578 1623 692 1689 eximii
713 1624 872 1709 Patrique
884 1624 918 1687 in
937 1625 1016 1689 sede
1034 1624 1173 1690 locatur.

384 1730 450 1796 Sed
467 1728 606 1792 minime
626 1731 796 1790 assuetam
817 1726 940 1812 linquit
955 1727 1167 1793 decoramine
1183 1752 1310 1810 curam,

384 1832 527 1896 Deditus
542 1829 687 1894 assiduis
706 1828 895 1916 praecibus,
914 1830 1143 1916 speculamine
1159 1831 1282 1912 celsus,

383 1934 501 2000 Affatu
517 1931 661 2005 laetus‘l,
678 1931 825 2018 sapienS,
847 1939 949 2017 atque
968 1914 1023 1995 dre
1042 1954 1191 1998 serenus.

313 2057 346 2107 70
383 2035 451 2115 Qui
468 2058 520 2099 me
540 2034 709 2098 visentem
723 2033 870 2097 aetherei
885 2033 940 2120 pia
958 2033 1073 2098 limina
1095 2034 1187 2100 Petri

382 2137 534 2204 iocunde
554 2136 739 2224 excipiens,
761 2135 873 2199 animo
888 2136 1042 2221 quaesita
1061 2136 1208 2224 benigno

383 2240 545 2320 Admisit,
563 2237 714 2324 favitque
733 2238 787 2324 pie
798 2249 822 2317 Β,
841 2237 1037 2324 studuitque
1054 2239 1228 2303 modestes
1248 2260 1255 2305 ι

384 2341 524 2406 Femina
537 2353 554 2394 9
566 2348 661 2426 grata
677 2332 791 2404 serens
801 2340 829 2418 l,
851 2340 960 2426 epulis
975 2342 1139 2405 recreavit
1155 2341 1321 2428 utrisque,

384 2449 545 2536 Corporis
557 2452 659 2534 atque
675 2447 806 2510 animae
821 2468 828 2527 ;
850 2446 1034 2526 benedixit,
1053 2462 1085 2511 et
1104 2448 1218 2512 oscula
1233 2446 1364 2512 libansi

384 2553 434 2614 Ac
451 2539 628 2635 geminans
645 2550 734 2612 dono
753 2548 1128 2613 cumulatum‘muneris
1141 2550 1222 2614 almi
1236 2550 1260 2629 J',

386 2654 531 2738 Pergere
550 2652 735 2715 laetantem
751 2649 910 2737 amplexu
924 2650 1055 2714 dimisit
1073 2652 1197 2716 honore
1208 2651 1235 2716 ¹⁶.

385 2753 493 2832 Quem
509 2753 609 2818 Pater
626 2753 841 2839 omnipotens
861 2754 1006 2817 alacrem
1022 2755 1183 2841 cultuque
1198 2753 1206 2795 ²
1226 2761 1410 2819 venustum

346 2890 349 2895 ·
384 2857 531 2921 Attollat
542 2867 576 2934 m,
596 2862 774 2941 servetque
789 2855 858 2936 diu,
876 2855 979 2943 digno
995 2857 1127 2921 excolat
1138 2869 1154 2897 η
1168 2862 1257 2921 actu.

386 2959 519 3023 Etcum
536 2956 749 3044 praesulibus
767 2957 904 3037 sanctis,
920 2958 1088 3022 consortia
1109 2981 1253 3045 quorum

315 3065 349 3117 80
387 3061 589 3142 Promeruit,
612 3060 702 3123 sedis
717 3067 866 3146 praestet
881 3083 982 3146 super
996 3061 1131 3125 aethera
1147 3060 1262 3125 sedem
1276 3066 1284 3125 ί

386 3164 474 3229 Cum
489 3162 611 3250 quibus
629 3169 804 3226 aeternum
820 3169 955 3227 maneat
967 3162 1159 3249 praeclarus
1174 3163 1208 3226 in
1224 3185 1345 3227 aevum
1361 3174 1387 3230 ⁰.

564 3321 686 3383 Amen.

419 4285 444 4347 a)
464 4284 579 4346 exurgit,
598 4297 646 4330 ms.
662 4308 692 4317 -
705 4280 732 4342 h)
749 4279 788 4344 pl.
804 4292 809 4325 :
828 4279 899 4326 hunc
912 4277 1053 4325 honorem.
1066 4303 1096 4312 -
1114 4276 1137 4338 c)
1149 4276 1189 4340 pl.
1208 4292 1213 4325 :
1231 4277 1376 4326 meditans.
1391 4304 1422 4313 -
1435 4277 1462 4340 d)
1474 4279 1509 4337 le·
1566 4328 1570 4338 ,

388 4350 441 4406 tus,
464 4362 511 4394 ms.
530 4374 559 4382 -
577 4346 599 4407 c)
616 4346 668 4406 pie,
695 4358 743 4391 ms.
760 4369 790 4378 -
807 4341 833 4402 f)
846 4340 995 4399 modestae,
1014 4354 1062 4386 ms.
1082 4366 1114 4375 -
1132 4346 1160 4403 9)
1182 4339 1302 4387 Flamina
1322 4339 1389 4403 (sic),
1412 4355 1459 4388 ms.

389 4409 489 4473 tuph:
512 4422 666 4456 conserens.
685 4432 716 4440 -
733 4404 750 4465 i)
776 4404 814 4468 pt.
831 4418 836 4450 :
855 4403 955 4450 ferens.
980 4428 1010 4437 -
1023 4401 1048 4464 j)
1070 4400 1130 4465 pt:
1154 4402 1233 4463 panis
1259 4400 1285 4449 S.
1309 4402 1459 4450 Benedicti.

389 4471 465 4534 idyl.
482 4471 611 4519 :honoro
628 4496 657 4503 -
676 4468 694 4530 t)
709 4467 769 4530 qt:
792 4468 925 4513 ornatum.
941 4463 1021 4524 —ml
1039 4461 1099 4526 pl:
1121 4464 1275 4512 exaltet-
1290 4464 1317 4527 n)
1343 4464 1384 4528 pt.
1409 4479 1415 4513 τ
1438 4479 1509 4513 exor-

389 4538 444 4582 nat.
455 4560 487 4569 -·
501 4533 524 4595 o)
537 4546 625 4590 evum,
638 4545 686 4580 ms.
