3800 5642
862 733 1051 777 arrnnnrcns
1455 717 1517 781 185

394 851 462 915 duo
481 853 675 942 interempti
690 862 773 920 sunt,
787 855 911 918 ibidem
931 855 1055 935 clerici,
1075 879 1219 944 quorum
1241 858 1326 922 alter
1343 860 1516 938 diaeonuS,

394 955 480 1019 alter
495 955 681 1021 habebatur
700 955 937 1022 subdiaconus

394 1178 463 1242 Lm.
485 1177 543 1259 IV,
563 1199 590 1244 c.
604 1200 685 1244 xxn.
699 1200 740 1242 nn
762 1200 1013 1245 mrnoonorronu
1038 1200 1184 1245 ooannrcr
1206 1201 1358 1254 aounrsrs
1382 1203 1519 1248 nrrscorr

507 1301 600 1345 anans
624 1303 662 1344 nr
686 1302 881 1347 nunnorronn
905 1304 962 1347 sno
986 1304 1139 1348 cusronm
1163 1304 1281 1349 ninom
1304 1305 1408 1350 nnors.

439 1477 504 1540 Per
517 1477 605 1541 idem
625 1476 693 1542 fore
708 1485 844 1564 tempus
863 1478 1040 1542 Odalricus
1062 1480 1234 1564 Aquensis
1254 1481 1444 1567 episcopus
1460 1481 1519 1567 qui

393 1577 437 1640 ob
459 1579 729 1666 persecutionem
759 1580 1056 1645 Sarracenoruma
1085 1580 1163 1644 sede
1191 1605 1252 1645 sua
1270 1590 1465 1662 recesserat,
1483 1583 1517 1646 in

393 1680 534 1744 ecclesia
546 1681 705 1745 Romensi
716 1683 875 1769 recipitur
886 1682 927 1746 ab
943 1682 1121 1747 Heriberto
1135 1684 1269 1756 comite,
1285 1685 1327 1748 ad
1348 1684 1519 1748 celebran-

393 1783 473 1846 dum
493 1783 683 1871 episcopale
696 1785 873 1849 dumtaxat
890 1785 1117 1849 ministerium
1130 1785 1202 1849 vice
1221 1787 1389 1873 HugoniS,
1411 1787 1518 1874 ipsius

392 1885 528 1950 comitis
553 1885 627 1967 filii,
652 1893 733 1950 tunc
759 1888 869 1950 adhuc
891 1886 1036 1974 parvuli,
1063 1910 1223 1952 concessa
1247 1889 1356 1952 eidem
1392 1888 1520 1974 presuli

391 1985 528 2051 abbatia
545 1987 661 2052 Sancti
682 1989 862 2070 Timothei,
888 2013 965 2053 oum
986 1989 1086 2052 unius
1101 1996 1235 2070 tantum
1259 1990 1429 2077 prebenda
1451 1991 1518 2054 cle-

390 2089 464 2155 rici.
479 2090 578 2177 Hugo
591 2098 623 2154 et
642 2090 840 2155 Heribertus
856 2091 997 2156 comites
1017 2091 1059 2154 ad
1074 2092 1283 2179 colloquium
1303 2093 1519 2180 proficiscun-

391 2198 448 2256 tur
477 2193 637 2258 Heinrici.
666 2193 764 2259 Unde
789 2194 915 2257 reversi
942 2201 1087 2280 pergunt
1106 2193 1241 2259 obviam
1259 2195 1404 2258 Rodulfo
1429 2195 1518 2281 regi;

391 2317 575 2382 rursusque
605 2295 802 2359 Heribertus
823 2296 1006 2360 committit
1029 2319 1064 2359 sc
1081 2295 1143 2377 illi,
1161 2297 1296 2361 redacto
1311 2297 1434 2361 iterum
1458 2296 1520 2360 sub

391 2397 545 2461 custodia
567 2397 704 2464 Karolo
722 2398 769 2461 At
786 2396 953 2461 Rodulfus
966 2421 1024 2462 rex
1041 2399 1317 2479 RemisvenienS,
1336 2399 1394 2462 ubi
1415 2400 1521 2462 Karo-

391 2497 446 2561 lus
467 2482 732 2579 custodiebatur,
763 2523 881 2587 pacem
902 2499 980 2564 lecit
996 2523 1072 2564 cum
1095 2500 1165 2581 illo,
1186 2501 1371 2565 humilians
1387 2524 1421 2564 se
1437 2507 1515 2564 anta

390 2601 499 2687 ispius
514 2603 730 2688 presentiam,
752 2609 785 2666 et
799 2602 945 2666 reddens
969 2602 1019 2666 illi
1037 2603 1236 2668 Atiniacum
1260 2603 1380 2666 fiscum
1403 2593 1520 2666 muness

390 2702 486 2767 ribus
503 2726 637 2791 quoque
664 2703 867 2791 quibusdam
889 2704 992 2790 regiis
1015 2704 1159 2768 eundem
1187 2706 1342 2770 honorat.
1367 2705 1524 2769 Heriber-

294 2809 384 2867 nares,
405 2814 461 2869 tus
485 2828 598 2869 comes
615 2807 854 2886 Victoriacum,
871 2807 1048 2870 castellum
1079 2807 1234 2887 B0sonis,
1261 2807 1372 2872 fratris
1390 2805 1524 2870 Rodulfi

294 2876 504 2994 iffiiregm,
524 2909 624 2994 oepit.
638 2909 767 2972 Deinde
792 2931 868 2971 cum
894 2909 1037 2995 Hugone
1055 2909 1346 2986 Monasteriolum,
1368 2908 1525 2973 munitio·

392 3032 470 3074 nem
482 3010 613 3073 Erluini
628 3011 761 3075 comitis
772 3010 868 3097 juxta
887 3034 978 3074 mare
995 3011 1106 3091 sitam,
1125 3010 1268 3091 obsidet,
1280 3011 1522 3096 obsidibusque

392 3113 529 3176 tandem
548 3113 706 3198 acceptis,
725 3112 962 3176 ab-obsidione
978 3113 1132 3178 discedit.

393 3310 463 3374 Lm.
483 3311 541 3391 lV,
559 3333 585 3375 c.
609 3333 751 3377 sunnon
768 3333 945 3376 summurn
970 3333 1063 3375 mann
1088 3331 1291 3377 nuoonnnnr
1316 3332 1520 3375 rrunrrnarmr

613 3433 756 3491 com'ms,
784 3435 821 3476 ac
846 3436 1018 3478 noncnrrn
1042 3435 1148 3478 neuun
1172 3434 1310 3477 nxonrn.

294 3608 370 3663 ales,
436 3598 508 3662 Nec
529 3599 681 3686 longum,
707 3600 863 3664 simultas
886 3601 974 3664 inter
999 3600 1135 3663 eosdem
1161 3600 1313 3680 comiteS,
1339 3599 1519 3685 Hugonem

294 3675 536 3785 ,⁹4³ilqfiscilicet
547 3725 585 3766 ac
601 3702 828 3782 Heribertum,
844 3703 1005 3782 excritur,
1020 3709 1155 3788 recepto
1166 3702 1307 3765 Erluino
1319 3702 1361 3766 ab
1375 3703 1519 3788 Hugone

394 3829 472 3871 cum
491 3811 579 3869 terra
602 3828 674 3883 sua,
700 3812 733 3868 et
763 3806 926 3868 Hilduino
957 3827 1089 3868 necnon
1110 3812 1143 3868 et
1166 3805 1330 3884 Arnaldo,
1348 3805 1406 3891 qui
1425 3813 1521 3868 erant

394 3908 563 3993 Hugonis,
588 3907 629 3970 ab
654 3907 832 3971 Heriberto
856 3927 862 3973 :
890 3907 1036 3993 indeque
1063 3907 1188 3970 diversi
1211 3916 1323 3971 motus
1351 3906 1523 3993 agitantur

394 4010 560 4075 bellorum
594 4032 653 4096 per
682 4010 869 4089 Franciam,
893 4010 980 4072 inter
1012 4011 1192 4095 Hugonem
1226 4017 1259 4074 et
1292 4009 1519 4073 Heribertum.

395 4111 501 4198 Cujus
520 4112 568 4175 rei
582 4112 689 4198 gratia
706 4111 874 4174 Rodnlfus
890 4135 947 4176 rex
963 4111 1004 4174 de
1021 4111 1213 4196 Burgundio
1234 4111 1386 4188 veniens,
1406 4134 1522 4198 pacem

394 4215 484 4278 inter
502 4236 560 4278 cos
589 4222 690 4300 atquc
715 4214 881 4277 Bosonem
904 4213 1012 4276 multo
1032 4212 1146 4276 labore
1171 4237 1230 4300 per
1249 4213 1380 4276 diversa
1398 4212 1522 4299 placita

393 4315 578 4402 componit,
601 4322 634 4380 et
655 4315 853 4379 Heribertus
871 4315 995 4379 Boscni
1016 4315 1241 4379 Victoriacum
1257 4314 1377 4378 reddit.
1400 4314 1521 4377 Paucis

394 4431 508 4493 autem
532 4423 650 4487 dicbus
673 4445 755 4509 pace
780 4429 923 4500 servata,
947 4421 1146 4485 Heribertus
1171 4421 1350 4489 Ansellum
1377 4422 1519 4484 Bosonis

395 4524 583 4603 subditum,
596 4525 654 4612 qui
669 4525 856 4611 predictum
875 4523 1086 4587 custodiebat
1096 4531 1258 4600 castrum,
1269 4546 1344 4586 eum
1360 4523 1433 4609 ipso
1451 4547 1522 4587 cas-
