3800 5642
373 669 438 735 190
843 685 1031 729 urrnnmcns

372 810 506 877 hisdem
520 810 589 874 fere
604 808 723 873 dicbus
740 808 982 872 monasterium
998 807 1114 872 Sancti
1133 809 1333 875 Theoderici
1351 811 1497 877 nonnul-

372 915 416 980 lis
429 914 619 978 illustratur
637 909 821 990 miraculis,
831 911 872 973 de
885 908 1009 996 quibus
1022 910 1094 996 jam
1109 912 1276 997 quaedam
1292 936 1395 1002 supra
1410 921 1498 979 retu-

375 1017 489 1095 limus,
507 1014 565 1078 ubi
589 1012 946 1077 commemorationem
971 1011 1123 1097 ejusdem
1149 1013 1238 1079 beati
1266 1016 1331 1079 viri
1346 1015 1496 1081 fecimus,

375 1119 430 1183 Ab
451 1116 592 1181 ecclesia
613 1138 693 1179 vero
709 1115 853 1180 Sanctae
876 1113 1003 1178 Mariae
1025 1115 1141 1178 Remis
1161 1139 1243 1180 crux
1263 1118 1383 1205 major,
1402 1142 1501 1206 quam

376 1221 521 1286 domnus
539 1218 705 1282 Heriveus
722 1217 997 1303 archiepiscopus
1012 1239 1093 1281 auro
1114 1228 1344 1305 cooperuerat,
1360 1228 1395 1285 et
1411 1244 1502 1308 gem·

377 1324 442 1388 mis
459 1327 648 1399 ornaverat,
670 1317 835 1384 afuribus
857 1326 971 1398 noctu,
994 1318 1208 1384 tenebrarum
1229 1321 1359 1387 scilicet
1378 1330 1504 1388 amato·

377 1424 483 1505 ribu5‚
502 1420 663 1486 aufertur.
685 1420 757 1498 Qua
771 1421 829 1483 diu
844 1421 1009 1506 quaesita,
1028 1419 1166 1484 tandem
1183 1430 1262 1508 post
1281 1446 1412 1489 annum
1428 1447 1505 1513 pars

378 1526 450 1592 auri
466 1545 743 1610 gemmarumque
761 1522 868 1607 ipsius
887 1522 1039 1586 multatis
1055 1523 1219 1610 reperitur
1233 1524 1436 1592 latronibus.
1455 1527 1503 1591 Ex

379 1652 445 1717 quo
474 1625 692 1714 postmodum
727 1647 808 1688 auro
840 1623 893 1687 hic
940 1621 1068 1710 presul,
1106 1626 1238 1712 adjecta
1273 1628 1420 1715 quadam
1455 1628 1503 1693 sui

380 1751 515 1819 quoque
537 1727 685 1790 muneris
705 1726 906 1812 quantitate,
931 1726 1070 1790 calicem
1091 1727 1155 1791 sub
1178 1729 1304 1795 honore
1324 1730 1388 1794 Dei
1412 1730 1505 1818 geni-

258 1866 340 1923 thid..
379 1833 474 1898 tricis
491 1829 647 1894 fabricari
666 1826 757 1892 fecit.
781 1828 924 1915 Hugone
943 1851 982 1892 ac
1002 1828 1180 1893 Heriberto
1201 1831 1401 1896 Laudunum
1418 1833 1505 1920 pari·

243 1944 311 1992 page
322 1934 361 1974 ⁸²·
379 1941 431 1999 ter
472 1930 707 1996 obsidentibus
754 1953 814 1993 rex
849 1929 1068 2012 Ludowicus,
1097 1933 1242 2019 sumptis
1276 1956 1392 1998 secum
1423 1958 1506 2022 quos

379 2036 616 2120 undecumque
642 2032 800 2118 colligere
826 2033 949 2119 potuit,
972 2032 1007 2096 in
1027 2057 1154 2120 pagum
1175 2035 1381 2101 Porcensem
1398 2037 1503 2102 venit.

382 2139 456 2216 Quo
472 2136 599 2215 audito,
614 2135 714 2220 Hugo
725 2141 758 2198 et
771 2135 982 2215 HeribertuS‚
998 2136 1127 2200 scilicet
1144 2137 1235 2225 quod
1249 2161 1308 2202 rex
1323 2139 1372 2203 eis
1389 2162 1507 2227 appro-

381 2243 571 2330 pinquaret,
585 2236 760 2301 obsidione
775 2236 902 2319 relicta,
915 2246 1097 2325 properant
1107 2246 1234 2321 contra,
1251 2248 1285 2305 et
1299 2242 1508 2328 insperatum

382 2344 472 2430 regis
496 2340 697 2405 invadentes
723 2340 920 2419 exercitum,
951 2340 1135 2404 nonnullos
1164 2350 1332 2427 sternunt,
1350 2344 1509 2431 reliquos

382 2448 417 2511 in
437 2445 553 2530 fugam
572 2448 721 2507 vertunt.
749 2441 823 2505 Rex
845 2441 916 2528 ipse
936 2464 1012 2505 cum
1036 2444 1153 2528 paucis
1176 2444 1318 2509 eductus
1338 2469 1356 2509 a
1377 2446 1460 2526 suis,
1479 2451 1511 2510 et

384 2547 531 2612 eximere
558 2567 593 2608 se
613 2543 703 2608 bello
726 2550 876 2623 coactuS,
903 2543 961 2607 vix
985 2545 1105 2621 evasit,
1132 2546 1277 2611 Artoldo
1297 2548 1458 2636 episcopo
1479 2554 1509 2611 et

384 2646 546 2734 Rotgario
573 2646 696 2710 comite
717 2645 959 2710 comitantibus
979 2668 1106 2711 secum.
1131 2647 1297 2713 Artoldus
1319 2649 1509 2737 episcopus,

384 2749 525 2839 perditis
535 2748 636 2813 rebus
651 2770 735 2835 quas
749 2747 796 2811 ibi
808 2747 984 2827 habuerat,
1001 2748 1044 2812 ad
1058 2750 1239 2835 Hugonem
1249 2758 1283 2815 et
1296 2751 1512 2816 Heribertum

384 2851 539 2929 accessit,
555 2850 723 2915 adductus
734 2849 776 2913 ab
791 2850 921 2929 amima,
936 2850 1145 2937 redditisque
1156 2851 1220 2916 sibi
1235 2852 1381 2918 abbatiis
1398 2853 1512 2918 Sancti

385 2942 500 3020 Basoli
525 2961 558 3017 et
586 2953 771 3031 Avennaco
795 2975 873 3015 cum
899 2951 981 3016 villa
1016 2953 1218 3017 Vindenissa
1251 2961 1286 3018 et
1308 2962 1407 3042 pacta
1434 2960 1512 3044 pace

388 3076 464 3121 cum
495 3056 639 3142 Hugone
664 3054 811 3141 presule,
838 3054 881 3121 ad
909 3053 1072 3118 Sanctum
1101 3056 1261 3120 Basolum
1285 3056 1356 3121 illic
1385 3057 1514 3123 habita·

240 3155 368 3264 Anp'qles
386 3168 483 3225 turus
516 3157 664 3222 devenit.
692 3156 854 3242 Sequenti
885 3179 986 3237 anno,
1021 3157 1210 3244 proditores
1232 3159 1371 3245 quidam
1401 3160 1515 3224 Remis

243 3238 372 3343 pagis'at.
391 3248 516 3348 reperti
540 3267 574 3324 et
603 3258 770 3323 interfecti
799 3266 898 3339 sunt,
925 3257 1062 3346 quidam
1086 3258 1187 3324 rebus
1212 3260 1373 3332 ecclesiae
1396 3260 1516 3349 privati

382 3363 431 3428 'ab
463 3361 546 3426 urbe
579 3354 806 3448 depelluntur.
852 3361 971 3447 Legati
1001 3360 1180 3425 Remensis
1213 3364 1375 3444 ecclesiae
1411 3364 1515 3428 Roma

390 3465 535 3550 regressi
561 3463 701 3550 pallium
726 3463 881 3526 deferunt
911 3462 1050 3549 Hugoni
1078 3464 1344 3553 archiepiscopo,
1373 3465 1416 3531 ab
1443 3466 1517 3534 Ste-

391 3569 613 3654 phanopapa
640 3564 889 3629 transmissum.
917 3562 1004 3627 Cum
1025 3565 1148 3652 quibus
1175 3568 1301 3654 pariter
1329 3574 1363 3632 et
1396 3567 1517 3656 legatio

391 3670 485 3733 venit
504 3666 712 3754 principibus
731 3667 837 3751 regni,
856 3675 894 3729 ut
912 3666 1138 3731 Ludowicum
1156 3691 1273 3755 regem
1290 3669 1469 3759 recipiant,
1489 3674 1519 3733 et

396 3771 445 3834 sic
463 3772 595 3856 legatos
615 3792 695 3833 suos
712 3769 858 3832 Romam
873 3764 1033 3854 dirigant.

395 3980 462 4044 Lra.
492 3978 548 4059 lV,
575 3999 602 4042 0.
630 3999 724 4042 xxxi.
752 4000 791 4041 un
815 3998 983 4042 oasrmoun
1013 3999 1104 4043 umus
1129 3999 1282 4043 nuuuusrs
1305 4002 1345 4045 aa
1370 3999 1521 4046 nxnncrru

819 4104 977 4149 Luuowru
996 4104 1098 4149 nucis.

246 4272 374 4380 Angssger',
439 4274 541 4336 Anno
565 4272 764 4359 posthunc,
790 4271 847 4357 qui
871 4276 924 4333 est
947 4270 1048 4356 hujus
1068 4269 1214 4356 presulis
1228 4270 1370 4357 quintus
1391 4272 1427 4337 in
1441 4272 1523 4360 epis·

253 4383 529 4467 pageqmssopatu,
562 4397 621 4438 rex
654 4374 872 4452 Ludowicus,
902 4373 1045 4436 collecto
1077 4395 1192 4436 secum
1226 4372 1522 4439 Nordmannorum

259 4462 286 4505 et
298 4474 367 4505 ⁵¹¹¹*
397 4478 558 4557 exercitu,
575 4475 878 4541 Veromandinsem
893 4498 1021 4562 pagum
1036 4475 1239 4561 depredatur
1252 4494 1259 4556 ;
1281 4484 1522 4565 assumptoque
