3800 5642
382 703 446 769 186
834 724 1024 769 arrunnrcus

375 846 457 910 tello
474 846 604 932 recipit,
620 853 653 910 et
665 845 1020 928 Codiciaoum,Sancti
1036 844 1183 931 Remigii
1198 847 1436 935 municipium,
1451 850 1499 916 illi

375 970 453 1011 cum
469 949 535 1012 alia
555 956 643 1013 terra
662 949 827 1013 concedit.
846 948 917 1012 Nec
934 947 1088 1034 longum,
1112 948 1255 1013 Bosonis
1271 950 1391 1015 fideles
1408 953 1499 1039 oppi-

375 1051 539 1113 danorum
568 1051 757 1137 proditione
781 1050 1009 1114 Victoriacum
1038 1050 1218 1137 recipiunt,
1249 1058 1283 1116 et
1309 1052 1498 1118 Mosomnm

375 1150 490 1215 fraude
507 1154 707 1238 pervadunt.
723 1154 771 1215 At
788 1151 1002 1232 HeribertuS,
1019 1152 1255 1237 aquibusdam
1273 1152 1509 1220 Mosomensi-

375 1253 438 1316 bus
462 1261 633 1327 evocatus,
660 1254 856 1340 supervenit
879 1253 1084 1341 insperatus,
1108 1255 1379 1343 transmissaque
1406 1257 1497 1323 Mosa
1554 1255 1556 1261 ’

373 1355 469 1419 vadis
489 1356 683 1442 inopinatis
704 1362 737 1420 et
758 1356 890 1419 intrans
907 1356 1058 1442 opidum,
1076 1364 1173 1443 porta
1200 1357 1346 1422 latenter
1376 1382 1396 1423 a
1422 1361 1509 1425 civi.

374 1456 438 1520 bus
461 1464 588 1544 aperta,
617 1457 741 1522 milites
769 1458 924 1537 BosoniS,
947 1458 1006 1544 qui
1025 1459 1068 1522 ad
1082 1459 1273 1524 custodiam
1293 1460 1361 1525 loci
1376 1462 1497 1527 reside-

374 1558 458 1622 bant
480 1560 618 1639 ibidem,
636 1583 754 1624 omnes
779 1561 879 1648 capit.
905 1560 1035 1625 Eodem
1059 1569 1223 1647 tempore,
1249 1569 1327 1627 ante
1343 1564 1497 1629 Natalem

375 1661 524 1742 Domini,
558 1663 675 1726 Remis
704 1663 790 1727 infra
824 1672 857 1727 et
890 1664 978 1727 circa
1009 1663 1187 1727 ecclesiam
1203 1664 1347 1729 Sanctae
1374 1666 1497 1730 Mariae

374 1764 491 1827 lumen
511 1788 673 1851 magnum
692 1765 734 1828 ab
747 1765 935 1852 aquilonari
952 1773 985 1829 et
1005 1766 1160 1831 orientali
1180 1773 1275 1851 parte
1296 1768 1400 1853 paulo
1422 1777 1497 1834 ante

375 1865 509 1928 initium
539 1866 605 1929 diei
630 1890 808 1953 apparens,
837 1868 880 1930 ad
904 1868 1089 1932 australem
1115 1876 1246 1954 partem
1276 1871 1498 1956 pertransisse

230 1983 359 2041 Annales,
376 1968 492 2033 visum
521 1976 584 2033 cst.
620 1971 720 2045 Anno
755 1976 833 2056 post
861 1969 964 2047 hunc,
996 1970 1195 2034 Heribertus
1226 1993 1341 2035 comes
1376 1994 1396 2036 a
1424 1994 1498 2058 rege

235 2051 359 2169 ρᾶῗέᾋρ,
377 2074 523 2138 Rodulfo
548 2076 716 2158 desciscit,
739 2082 771 2139 et
796 2077 922 2140 milites
948 2077 1056 2164 ipsius
1081 2076 1122 2139 ab
1147 2076 1404 2141 urbeRemensi
1424 2102 1498 2165 pro-

374 2175 465 2251 fecti,
497 2178 667 2265 quoddam
696 2177 851 2265 Hugonis
884 2186 1033 2243 castrum
1063 2202 1164 2265 super
1194 2179 1354 2243 Vidulam
1384 2182 1495 2256 situm,

374 2282 509 2344 nomine
536 2281 707 2357 Brainam,
738 2281 828 2367 quod
859 2281 947 2344 idem
981 2281 1082 2367 Hugo
1115 2281 1239 2345 tulerat
1270 2282 1311 2345 ab
1343 2283 1498 2370 episcopo

375 2381 654 2467 Rothomagensi,
678 2384 817 2470 capiunt
831 2406 869 2446 ac
885 2383 1035 2448 diruunt.

392 2597 460 2660 Lm.
489 2598 708 2677 lV,c.xx1v.
736 2618 776 2660 ua
800 2617 1015 2662 onoraarronu
1039 2618 1139 2661 nonni
1164 2618 1301 2661 neroum
1326 2620 1474 2664 nrrscorr.

233 2779 360 2887 Appqlles,
421 2777 587 2843 Rodulfus
610 2802 667 2842 rex
692 2779 822 2844 litteras
852 2779 969 2843 Remis
986 2779 1093 2844 mittit
1119 2779 1161 2842 ad
1183 2779 1310 2843 clerum
1337 2787 1370 2845 et
1392 2804 1496 2869 popu-

293 2856 328 2888 ¹'
375 2880 459 2962 lum,
483 2905 544 2968 pro
568 2882 732 2945 electione
756 2882 902 2968 presulis
930 2881 1154 2957 celebranda,
1170 2882 1212 2945 ad
1240 2905 1325 2968 quas
1358 2883 1410 2947 illi
1434 2906 1497 2946 res-

373 2983 534 3071 pondent,
557 2984 591 3047 id
611 3007 709 3069 agere
731 3008 766 3047 se
789 3006 856 3047 non
881 3006 993 3070 posse,
1017 2983 1111 3046 salvo
1136 3007 1197 3048 suo
1222 2984 1342 3063 electo,
1361 2993 1395 3049 et
1414 2987 1498 3049 elec-

371 3087 464 3165 tione
480 3109 582 3173 quam
604 3086 753 3150 fecerant
769 3093 1002 3172 permanente.
1021 3086 1153 3149 Interea
1168 3085 1367 3151 Heribertus
1389 3111 1498 3152 comes

373 3189 414 3252 ad
426 3188 623 3252 Heinricum
637 3189 818 3275 profectus
835 3188 865 3251 ei
881 3211 954 3251 sese
965 3188 1161 3268 committit,
1180 3195 1213 3253 ct
1228 3190 1399 3254 exercitus
1412 3189 1497 3277 regis

374 3298 475 3377 atque
506 3291 663 3376 Hugonis
691 3292 895 3355 Remensem
922 3297 956 3354 et
987 3289 1248 3354 Laudunensem
1274 3291 1498 3378 depredantur

254 3400 333 3476 thia,
373 3416 523 3480 pagum:
549 3394 753 3480 obsessaque
778 3394 915 3457 civitate
938 3393 1136 3472 Remorum,
1161 3393 1258 3456 tertia
1279 3392 1419 3458 tandem
1441 3418 1498 3458 rex

234 3468 354 3523 pagan.
372 3478 500 3583 potitur
538 3495 723 3560 obsidionis
757 3494 955 3573 ebdomada,
984 3494 1213 3579 aperientibus
1242 3495 1307 3558 sibi
1333 3496 1498 3562 militibus

372 3598 544 3663 ecclesiae.
581 3598 780 3685 Conjunctis
809 3597 913 3682 igitur
949 3596 1015 3660 sibi
1045 3596 1220 3660 nonnullis
1255 3598 1426 3686 episcopis
1458 3622 1497 3662 ex

372 3701 511 3764 Francia
532 3701 586 3763 vel
609 3700 815 3786 Burgundia,
838 3700 917 3764 facit
935 3699 1082 3762 ordinari
1104 3699 1139 3761 in
1154 3698 1216 3762 hac
1232 3699 1312 3763 sede
1330 3700 1498 3787 presulem

372 3802 553 3865 Artoldum
567 3803 735 3888 quendam
747 3826 788 3865 ex
803 3802 965 3865 coenobio
985 3801 1100 3865 Sancti
1121 3801 1267 3887 Remigii
1282 3804 1495 3867 monachum.

373 3904 502 3967 Exinde
527 3928 586 3967 rex
609 3928 753 3991 pergens
779 3903 993 3983 Laudunum‚
1014 3903 1146 3967 obsidet
1166 3902 1249 3966 inibi
1270 3903 1495 3984 Heribertum,

373 4006 429 4093 qui
458 4007 667 4093 aliquamdiu
693 4007 868 4085 resistens,
890 4006 975 4093 petit
1000 4006 1134 4068 demum
1161 4005 1357 4091 egrediendi
1375 4006 1495 4071 locum.

370 4107 444 4185 Quo
462 4116 612 4195 accepto,
633 4109 759 4173 recedit
778 4132 797 4172 a
817 4108 994 4187 Lauduno,
1019 4108 1158 4170 dimissa
1178 4130 1281 4170 uxore
1296 4131 1357 4172 sua
1376 4110 1410 4172 in
1426 4130 1498 4174 arce

371 4234 473 4297 quam
495 4218 730 4275 construxerat
756 4211 826 4296 ipse
849 4209 936 4273 infra
967 4209 1056 4273 idem
1083 4216 1244 4289 castrum,
1272 4216 1305 4273 et
1332 4211 1498 4298 adquam

370 4321 486 4398 postea
510 4314 707 4399 capiendam
732 4312 868 4397 majoris
898 4311 1023 4375 laboris
1043 4318 1077 4375 et
1094 4334 1206 4375 morae
1227 4334 1312 4399 opus
1334 4314 1407 4399 regi
1424 4313 1496 4379 fuit.

238 4416 535 4480 Annales‚llrtoldus
554 4416 744 4503 episcopuS,
760 4421 837 4500 post
857 4437 982 4478 annum
1005 4413 1226 4477 ordinationis
1241 4436 1336 4496 suae,
1359 4416 1498 4501 pallium

219 4487 520 4605 „„⁹0³,³54.57suscipit
549 4519 691 4581 missum
729 4517 793 4580 sibi
820 4540 879 4604 per
906 4517 1038 4603 legatos
1069 4516 1230 4580 ecclesiae
1262 4516 1448 4583 Remensis
1478 4540 1495 4582 a
