3800 5642
393 667 459 732 200
861 682 1049 729 arcusarcus

393 811 482 874 beati
498 810 636 874 Martini
646 808 802 894 precibus
819 809 860 871 ad
879 807 1046 892 agendam
1058 806 1301 892 poenitentiam
1317 808 1409 873 vitae
1425 831 1514 896 prae·

393 913 481 975 senti
521 913 700 974 redditum.
739 910 966 989 Quamobrem
1005 908 1104 995 hujus
1140 910 1296 995 exemplo
1344 913 1514 997 provocati

393 1016 529 1101 quidam
550 1014 787 1077 canonicorum
811 1013 954 1077 Sanctae
986 1012 1112 1075 Mariae
1135 1012 1307 1076 saeculum
1326 1013 1511 1085 deseruere,

394 1126 427 1181 et
451 1118 528 1203 quia
555 1118 589 1179 in
613 1116 729 1179 eadem
752 1115 889 1179 civitate
914 1114 1136 1199 congregatio*
1155 1115 1399 1178 monachorum
1425 1118 1514 1180 nulla

394 1220 482 1283 erat¹
495 1219 583 1281 —in
599 1218 738 1294 ecclesia
755 1219 845 1281 enim
863 1217 978 1282 Sancti
993 1216 1084 1279 Petri
1102 1222 1135 1279 et
1146 1215 1262 1280 Sancti
1280 1214 1396 1281 Vifoni
1407 1218 1514 1283 clerici

394 1320 641 1399 deserviebant,
668 1320 866 1383 -Tullum
894 1320 1032 1406 petiere,
1053 1326 1086 1382 et
1110 1318 1143 1381 in
1171 1320 1515 1386 monasterioSancti

395 1425 479 1510 Apri
497 1430 626 1486 mutato
652 1422 768 1485 habitu
798 1422 970 1485 saeculum
992 1421 1144 1485 deserere
1167 1429 1201 1486 et
1222 1421 1359 1486 Christo
1380 1423 1514 1489 domino

393 1525 610 1612 incorporari,
632 1533 671 1588 ut
697 1523 847 1588 membra
866 1524 979 1587 fidelia
1008 1523 1121 1610 capiti,
1147 1523 1317 1588 studuere.
1341 1524 1437 1601 Quae
1465 1551 1514 1591 res

396 1629 543 1692 maximo
561 1636 633 1692 erat
656 1627 800 1691 moerori
822 1626 994 1713 pontifici;
1017 1625 1187 1690 canonicis
1216 1649 1351 1713 quoque
1375 1628 1514 1692 residuis

395 1739 428 1794 et
446 1728 639 1818 proceribus
658 1729 788 1816 populi,
822 1728 898 1815 quia
934 1735 1091 1814 optarent
1128 1751 1185 1791 eos
1211 1728 1324 1814 potius
1339 1729 1373 1792 in
1400 1731 1514 1795 eodem

395 1833 539 1896 militare
562 1832 744 1918 episcopio.
767 1854 866 1917 quam
885 1831 928 1894 ad
945 1830 1035 1893 aliud
1057 1830 1254 1916 demigrare.
1279 1831 1384 1895 Bonis
1403 1840 1514 1897 tamen

396 1941 429 1998 et
450 1934 676 1998 laudabilibus
703 1957 820 1998 eorum
844 1932 966 1997 studiis
996 1941 1030 1996 et
1053 1934 1218 2018 exemplis
1242 1933 1361 2019 religio
1383 1936 1515 2021 regulae

396 2037 651 2116 monachorum,
680 2045 713 2101 et
744 2036 856 2100 fervor
888 2035 1017 2099 ordinis
1041 2036 1076 2099 in
1111 2035 1229 2099 eodem
1249 2036 1414 2101 coenobio
1435 2040 1514 2102 etin

396 2139 598 2228 quibusdam
616 2139 691 2202 aliis
713 2154 771 2226 per
791 2162 931 2225 regnum
946 2138 1167 2202 Lothariense
1185 2145 1371 2223 reparatur.
1387 2141 1514 2206 Interea

396 2265 533 2306 emenso
551 2265 639 2305 anno
661 2242 749 2305 Boso
763 2241 864 2305 frater
882 2241 971 2327 regis
989 2264 1066 2304 cum
1082 2240 1240 2305 Heinrieo
1258 2248 1410 2326 pacatur,
1429 2253 1462 2309 et
1476 2245 1514 2309 ab

396 2369 434 2408 eo
469 2352 622 2430 receptus
649 2352 712 2408 est.
757 2342 925 2407 flodulfus
967 2365 1027 2405 rex
1069 2343 1229 2406 Franciae
1269 2349 1302 2406 et
1350 2344 1514 2410 Rodullus

396 2470 456 2510 rex
475 2446 627 2511 Jurensis
647 2469 725 2509 curn
744 2469 783 2509 eo
803 2446 987 2509 amicitiam
1012 2444 1240 2530 paciscuntur.
1269 2445 1357 2508 Boso
1385 2471 1464 2512 vero
1484 2449 1515 2511 in

397 2548 609 2634 expeditione
634 2548 820 2611 obsidionis
846 2548 948 2612 castri
979 2547 1095 2612 Sancti
1119 2546 1273 2624 Quintini
1306 2550 1462 2631 moritur,
1486 2559 1515 2615 et

398 2651 514 2714 Remis
534 2651 576 2713 ad
592 2650 754 2714 Sanctum
776 2650 968 2737 Remigium
991 2650 1163 2736 sepelitur.
1184 2651 1337 2735 Hungari
1364 2677 1423 2741 per
1438 2655 1515 2717 Bur·

398 2752 560 2839 gundiam
575 2751 821 2832 diffunduntur,
850 2752 997 2839 praediS,
1015 2752 1179 2815 incendiis
1201 2760 1235 2815 et
1252 2756 1427 2840 caedibus,
1451 2779 1515 2819 non

399 2856 457 2919 diu
473 2863 595 2933 tamen,
611 2853 807 2919 debacchati
823 2876 829 2933 3
852 2861 1025 2939 comperto
1045 2854 1181 2917 Rodulfi
1196 2856 1286 2940 regis
1306 2859 1468 2938 adventu,
1485 2860 1515 2921 in

238 2957 534 3032 Ser.abbat.llaliam
548 2964 770 3022 transmeant.
790 2957 922 3019 llerveo
933 2956 1091 3043 episcopo
1105 2956 1299 3039 decedente,
1319 2961 1517 3026 Romundus

281 3061 355 3107 Flav.
401 3059 464 3123 sub
486 3058 634 3121 Rodulfo
658 3082 736 3143 rege
770 3058 988 3122 substituitur
1002 3058 1060 3146 qui
1085 3058 1313 3124 Colticensem
1348 3062 1517 3128 abbatiam

399 3162 588 3240 destruens,
602 3161 749 3225 Colticas
758 3168 905 3224 castrum
917 3160 1098 3240 edificavit,
1110 3167 1143 3225 et
1154 3160 1340 3227 Curensem
1349 3164 1515 3242 similiter,

401 3264 697 3350 Petraepertusum
721 3263 895 3343 exstrusit,
933 3271 968 3327 et
995 3263 1073 3325 filiis
1100 3269 1133 3326 et
1164 3262 1299 3329 filiabus
1333 3266 1406 3330 suis
1432 3266 1517 3331 bona

399 3366 638 3430 aecclesiarum
663 3373 697 3429 et
711 3372 820 3429 castra
839 3388 924 3452 quae
944 3364 1069 3429 fecerat
1087 3365 1191 3429 dedit.
1221 3365 1285 3431 Hic
1319 3376 1397 3455 post
1414 3371 1518 3433 multa

400 3469 488 3532 mala
509 3474 670 3555 patrataa
688 3475 805 3531 sancto
824 3467 971 3554 Georgio
988 3468 1183 3554 flagellatus
1197 3468 1338 3534 interiit.

240 3590 409 3641 chronon.
456 3571 558 3634 Anno
578 3570 620 3633 ab
641 3570 768 3634 incarn.
790 3570 888 3633 Dom.
903 3568 979 3647 936,
998 3593 1058 3634 rex
1072 3569 1240 3634 Rodullus
1257 3571 1385 3659 absque
1406 3573 1519 3636 liberis

283 3668 358 3717 Flod.
402 3673 608 3758 defungitur,
630 3696 710 3735 nam
745 3672 939 3736 Ludovieus
970 3673 1059 3736 filius
1081 3672 1165 3758 ejus,
1191 3696 1292 3759 quem
1331 3674 1450 3739 habuit
1480 3698 1517 3738 ex

401 3776 521 3839 Emma
541 3776 669 3861 regina,
700 3782 777 3838 ante
818 3776 947 3839 obitum
975 3775 1081 3861 patris
1114 3781 1166 3838 est
1196 3774 1387 3843 defunctus,
1420 3778 1519 3863 Hugo

400 3878 547 3964 Magnus
567 3893 680 3941 comes
703 3888 901 3941 transmare
923 3878 1030 3942 mittit
1050 3901 1109 3964 pro
1126 3878 1342 3942 accersiendo
1360 3879 1404 3944 ad
1426 3878 1519 3964 regni

400 3981 528 4066 apicem
548 3980 719 4044 Ludovico
737 3980 849 4045 Caroli
864 3980 952 4046 lilio:
969 4003 1069 4067 quem
1089 4003 1148 4043 rex
1162 3980 1353 4045 Alstannus
1373 4004 1520 4046 avuncu-

400 4084 453 4147 lus
473 4083 592 4170 ipsiuS,
614 4090 752 4169 accepto
763 4082 1014 4170 jurejurandoa
1037 4083 1241 4147 Francorum
1260 4083 1397 4168 legatis,
1415 4084 1520 4148 Fran-

400 4187 487 4251 ciam
504 4209 580 4250 curn
594 4187 795 4273 quibusdam
811 4186 979 4273 episcopis
996 4194 1029 4250 et
1041 4186 1116 4249 aliis
1131 4185 1288 4250 fidelibus
1305 4186 1377 4251 suis
1392 4186 1516 4273 dirigit.

400 4462 665 4587 GgimClsiclpstchp.
682 4462 757 4509 Vird.
775 4465 860 4522 cont,
871 4477 895 4509 c.
907 4467 920 4507 2
931 4476 937 4521 ;
949 4462 1042 4509 lohan.
1054 4460 1132 4508 Gorz.
1145 4460 1217 4521 Vita,
1230 4476 1253 4509 c.
1272 4464 1311 4521 21,
1323 4465 1353 4509 23
1366 4477 1425 4524 sqq.
1440 4461 1517 4524 (Mon.
