3800 5642
835 731 1025 776 xrrnnorcrs
1433 711 1497 776 183

375 854 424 918 At
446 852 646 918 Erlebaldus
664 852 837 941 profectus
856 852 899 917 ad
918 876 1044 940 regem,
1068 854 1126 940 qui
1141 861 1222 918 tunc
1247 853 1444 918 morabatur
1463 853 1499 917 in

374 979 463 1043 pago
491 955 730 1022 Warmacensi
761 962 878 1019 contra
908 955 1094 1019 Henricum
1119 956 1306 1043 principem
1334 957 1499 1021 Transre-

374 1079 526 1137 nensem,
556 1055 681 1121 ibidem
705 1056 747 1121 ab
775 1057 930 1121 hostibus
961 1058 1052 1143 regis
1078 1056 1143 1121 sibi
1172 1057 1497 1144 supervenientibus

374 1161 598 1246 interemptus
614 1166 677 1224 est.
698 1158 806 1236 Quem
823 1166 939 1223 tamen
954 1161 1173 1247 postmodum
1188 1160 1223 1223 in
1244 1160 1374 1240 sinodo,
1395 1182 1499 1247 quam

374 1261 464 1349 apud
474 1261 687 1347 Troslegium
701 1260 791 1325 idem
804 1261 949 1325 domnus
968 1262 1242 1350 archiepiscopus
1263 1286 1342 1327 cum
1367 1262 1499 1326 dioece-

374 1364 487 1428 saneis
516 1363 587 1427 suis
604 1363 734 1444 habuit,
757 1363 986 1427 intercedente
1017 1388 1094 1450 rege
1112 1372 1146 1429 et
1166 1365 1289 1428 obnixe
1310 1365 1497 1450 flagitante,

373 1489 391 1530 a
407 1466 543 1530 vinculo
563 1466 925 1530 excommunicationis
943 1466 1102 1530 absolvit.

529 1705 599 1770 Lm.
619 1705 676 1781 IV,
699 1727 725 1770 c.
747 1727 825 1771 xvu.
853 1727 893 1769 uu
913 1725 1005 1770 curru·
1027 1727 1155 1771 uunrvnr
1180 1728 1340 1772 PRESULIS.

419 1886 644 1952 Exerescente
664 1888 808 1974 denique
833 1888 1000 1952 discordia
1025 1889 1114 1952 inter
1137 1911 1253 1975 regem
1280 1888 1438 1952 Karolum
1467 1895 1501 1952 et

340 2062 345 2073 ¹
374 1989 589 2071 Rotbertum,
612 2012 689 2054 cum
711 2013 797 2076 pene
822 1991 935 2054 cuncti
953 1983 1048 2075 regni
1064 2014 1218 2078 proceres
1233 1991 1274 2054 ad
1290 1991 1501 2055 constituen-

374 2092 456 2156 dum
471 2115 584 2178 regem
598 2092 799 2156 Rotbertum
813 2093 902 2178 apud
921 2088 1084 2157 Sanctum
1100 2093 1292 2180 Remigium
1305 2093 1501 2179 congregati

372 2201 499 2272 essent,
514 2193 605 2258 idem
622 2194 894 2280 archiepiscopus
905 2194 1043 2280 langore
1061 2194 1240 2282 depressus
1255 2195 1325 2258 vita
1341 2195 1498 2274 decessit,

372 2296 472 2361 tertia
498 2296 551 2360 die
581 2297 709 2361 scilicet
736 2304 918 2383 postquam
951 2297 1136 2361 Rotbertus
1160 2321 1220 2361 rex
1244 2296 1353 2362 factus
1378 2297 1498 2376 fuerat,

372 2407 495 2486 quarto
508 2421 588 2462 vero
616 2398 669 2462 die
684 2406 867 2485 antequam
885 2398 1085 2463 vicesimum
1102 2399 1287 2464 secundum
1306 2400 1358 2462 sui
1373 2400 1501 2486 episco-

370 2508 473 2589 patus
504 2501 656 2588 expleret
681 2524 819 2565 annum.
853 2501 1007 2587 Contigit
1033 2510 1145 2566 autem
1179 2509 1230 2577 ut,
1268 2502 1339 2589 ipsa
1373 2502 1426 2565 die
1449 2501 1501 2565 sui

371 2607 543 2686 decessuS,
558 2608 671 2694 plures
691 2607 749 2694 qui
769 2608 976 2671 advenerant
996 2608 1145 2694 episcopi
1170 2609 1373 2673 Remensem
1390 2609 1500 2695 ingre-

370 2710 532 2774 derentur
549 2710 679 2791 urbem,
702 2710 827 2796 quique
845 2709 947 2774 funus
973 2710 1079 2797 ipsius
1094 2711 1207 2797 dignis
1230 2712 1400 2799 exsequiis
1415 2711 1500 2775 cele-

369 2813 522 2892 brantes,
555 2834 633 2876 cum
663 2812 811 2876 maximo
837 2834 976 2878 suorum
1006 2814 1066 2876 scd
1103 2821 1137 2878 ct
1171 2819 1364 2877 exterorum
1390 2815 1496 2893 luctu,
1559 2860 1561 2864 -

369 2913 507 2978 'decenti
520 2906 688 2978 tradidere
708 2915 914 3000 sepulturae.

437 3122 508 3188 Lm.
530 3121 587 3200 IV,
608 3143 633 3186 c.
658 3143 728 3185 xix.
752 3143 793 3185 uu
818 3142 932 3187 smero
957 3144 1046 3196 crau
1062 3144 1180 3186 nnourr
1201 3122 1370 3209 [seuerus]
1393 3145 1431 3186 nr

638 3245 763 3288 cumnis
788 3245 916 3288 terrers
940 3246 1003 3290 vec
1026 3245 1099 3288 rma
1122 3245 1233 3288 rrsrcs.

418 3405 482 3469 Hic
498 3406 600 3470 etiam
618 3406 777 3469 sinodum
796 3406 914 3470 habuit
934 3407 969 3470 in
989 3407 1069 3470 villa
1095 3405 1244 3469 Trosleio
1268 3429 1345 3469 cum
1370 3406 1499 3493 episco·
1545 3440 1547 3444 ⁷

304 3536 318 3586 .’
373 3508 426 3595 pis
450 3508 629 3572 Remensis
647 3508 831 3588 dioceseos,
853 3507 912 3570 ubi
929 3509 1053 3572 afluere
1072 3507 1226 3571 nonnulli
1245 3530 1380 3594 quoque
1397 3509 1498 3571 comi-

340 3597 347 3610 ’
372 3617 425 3674 tes
441 3630 448 3687 3
467 3610 502 3673 in
514 3633 582 3696 qua
596 3617 630 3674 et
650 3610 760 3673 Ysaac
773 3633 885 3673 comes
901 3611 944 3673 ad
960 3610 1226 3674 satisfactionem
1240 3611 1334 3673 venit
1354 3635 1414 3697 pro
1430 3611 1495 3690 his,

372 3735 460 3799 quae
470 3735 572 3800 prave
582 3720 835 3800 perpetraverat
844 3713 1008 3776 adversus
1020 3712 1197 3776 ecclesiam
1205 3713 1495 3794 Camaracensem,

372 3814 543 3901 quoddam
576 3814 755 3879 castellum
787 3814 964 3901 Stephani,
1005 3814 1151 3901 presulis
1199 3815 1352 3901 ejusdem
1390 3815 1495 3897 urbiS,

372 3915 489 3981 dolosa
525 3917 807 4004 comprehensum
838 3917 1039 4001 pervasione
1073 3918 1292 3981 succendens.
1332 3918 1397 3981 Pro
1431 3941 1497 4006 quo

371 4017 519 4082 facinore
536 4019 679 4082 vadatus
699 4018 734 4080 in
750 4019 812 4081 hac
831 4019 950 4082 sinodo
970 4026 1105 4083 centum
1119 4019 1214 4082 libris
1235 4022 1379 4105 argenti,
1401 4043 1497 4107 paca-

373 4127 430 4185 tur
455 4142 533 4183 cum
559 4121 688 4207 prefato
713 4121 885 4207 Stephano
913 4122 1083 4208 episcopo,
1110 4128 1284 4207 satagente
1319 4122 1496 4186 Heriberto

373 4228 413 4286 et·
431 4221 507 4285 aliis
522 4223 580 4310 qui
604 4223 742 4287 aderant
760 4223 919 4286 Franciae
936 4223 1129 4288 comitibus.
1145 4225 1209 4287 Hic
1226 4223 1340 4309 presul
1363 4247 1497 4288 monas-

372 4323 498 4389 terium
512 4325 629 4390 Sancti
645 4325 792 4410 Remigii
810 4348 887 4388 cum
913 4306 1310 4409 adjacentibus'ecclesiis
1322 4326 1377 4389 vel
1388 4325 1497 4389 domi·

372 4425 438 4490 bus
450 4448 546 4489 muro
557 4427 708 4513 cingenS,
722 4427 898 4491 castellum
910 4426 1036 4490 ibidem
1049 4427 1207 4506 instituit,
1221 4427 1359 4490 domum
1370 4428 1497 4513 episco-

371 4527 487 4615 palem
506 4528 648 4593 cameris
666 4551 837 4614 reparans,
857 4529 998 4616 picturis
1015 4528 1174 4593 excoluit.
1195 4527 1290 4593 Fecit
1308 4530 1341 4593 et'
1359 4530 1497 4594 calicem
