3800 5642
390 662 454 727 208
856 668 1045 726 xrrtnmcus

388 804 593 869 defenderet.
624 804 706 867 Post
729 804 810 867 haec
842 803 1008 867 Artoldus
1041 804 1221 871 Remensis
1254 805 1342 870 dixit
1379 829 1520 871 causam

388 907 458 969 litis
490 907 577 970 inter
609 907 722 992 ipsum
758 912 791 968 et
823 905 1004 990 Hugonem
1035 906 1152 971 illicite
1187 907 1252 971 sibi
1288 907 1519 973 substitutum

387 1009 595 1095 episcopum.
638 1009 796 1094 Ingestus
844 1007 958 1093 itaque
997 1008 1133 1095 quidam
1173 1010 1329 1096 Hugonis
1372 1011 1518 1076 clericus

386 1111 502 1174 attulit
530 1111 673 1188 litteras,
709 1131 864 1172 asserens
891 1109 956 1173 sibi
988 1133 1045 1174 eas
1083 1111 1179 1175 datas
1209 1111 1252 1175 ab
1286 1112 1362 1199 ipso
1390 1114 1517 1177 vicario

388 1213 526 1291 Romae,
551 1213 585 1276 in
616 1211 739 1298 quibus
772 1211 937 1297 scriptum
968 1220 1050 1293 erat,
1082 1213 1173 1300 quod
1203 1215 1317 1279 cuncti
1333 1215 1517 1280 Remensis

388 1316 581 1379 dioeceseos
614 1313 762 1401 episcopi
803 1337 863 1401 pro
904 1315 1148 1380 restauratione
1184 1316 1341 1403 Hugonis
1379 1318 1516 1382 easdem

389 1418 520 1481 litteras
546 1418 673 1481 Romae
708 1416 912 1480 direxerant.
949 1415 1048 1492 Quod
1073 1441 1151 1481 mox
1180 1418 1372 1483 refutarunt
1397 1421 1515 1484 Artol-

389 1520 453 1609 dus
478 1519 657 1584 llemensis
677 1526 709 1581 et
726 1518 751 1580 F
755 1517 908 1582 ulbertus
927 1518 1182 1583 Cameracensis
1202 1525 1236 1584 et
1256 1520 1440 1603 Rodulfus,
1460 1522 1515 1609 qui

388 1623 422 1685 in
460 1621 587 1686 eisdem
615 1620 737 1684 litteris
772 1620 1046 1702 nominabantur,
1081 1630 1286 1703 astruentes,
1326 1625 1423 1711 quod
1461 1647 1515 1689 eas

388 1747 560 1810 nunquam
588 1731 686 1786 antea
719 1723 897 1786 audierunt
929 1723 983 1786 vel
1015 1723 1186 1803 viderunt,
1202 1748 1311 1812 neque
1341 1725 1377 1789 in
1399 1750 1515 1791 earum

388 1826 598 1913 delegatione
616 1848 792 1888 assensum
814 1824 1051 1911 praebuerunt.
1076 1827 1260 1913 Postquam
1283 1850 1365 1914 ergo
1385 1829 1515 1893 delator

387 1929 476 1991 idem
500 1927 633 2015 publice
654 1927 849 1990 confutatus
869 1934 931 2007 est,
950 1928 1136 1992 secundum
1152 1928 1320 2015 judicium
1345 1953 1513 1995 canonum

321 2022 324 2029 ¹
386 2031 583 2094 diaconatus
616 2052 682 2115 quo
716 2028 919 2116 fungebatur
955 2030 1064 2093 olllcio
1097 2032 1272 2110 multatuS,
1305 2055 1324 2096 a
1349 2056 1513 2097 consessu

386 2133 507 2218 synodi
554 2131 718 2195 abscessit
770 2132 982 2218 reprobatus.
1017 2133 1168 2197 ¹Artoldo
1218 2133 1324 2220 igitur
1366 2135 1512 2221 praesuli

388 2236 554 2299 Remense
572 2234 781 2320 episcopium
796 2233 1029 2319 adjudicatum
1049 2243 1101 2299 est
1116 2235 1215 2322 juxta
1230 2258 1401 2300 canonum
1417 2236 1512 2301 insti-

387 2345 459 2401 tuta
476 2344 509 2400 et
532 2344 726 2400 sanctorum
750 2342 883 2421 patrum
909 2338 1055 2400 decreta.
1081 2338 1235 2401 Secunda
1260 2337 1427 2403 sessionis
1447 2339 1509 2419 die,

387 2440 603 2526 suggestione
624 2438 763 2502 Roberti
787 2439 996 2502 Trevirensis
1018 2447 1052 2502 et
1073 2439 1267 2526 Berengarii
1287 2441 1511 2506 Virdunensis

386 2543 421 2604 in
439 2542 618 2626 Hugonem
635 2540 924 2604 Remensissedis
947 2542 1138 2605 invasorem
1154 2541 1317 2628 synodale
1338 2553 1510 2630 peractum

388 2651 440 2706 est
464 2643 640 2730 judicium.
669 2642 755 2705 Nam
791 2642 977 2706 secundum
1007 2650 1201 2708 sanctorum
1226 2644 1386 2709 instituta
1415 2670 1511 2710 cano-

387 2768 480 2822 num,
510 2744 642 2808 decreta
676 2751 809 2829 patrum
836 2743 1012 2809 beatorum
1044 2746 1144 2827 sixti,
1177 2746 1378 2829 Alexandri,
1413 2748 1512 2812 lnno·

386 2847 500 2927 centii,
526 2846 662 2925 Zosimi,
691 2846 865 2926 Bonilacii,
888 2847 1083 2927 Caelestini,
1101 2848 1237 2929 LeoniS,
1260 2849 1460 2934 Symmachi
1480 2857 1511 2914 et

386 2955 595 3012 caeterorum
608 2949 985 3013 excommunicaverunt
997 2957 1059 3014 eta
1074 2951 1203 3037 gremio
1218 2951 1335 3014 matris
1351 2952 1510 3016 ecclesiae
1555 2986 1564 2993 -

387 3051 583 3138 repulerunt
604 3074 692 3130 eum,
713 3051 819 3114 donec
839 3052 881 3114 ad
899 3052 1142 3138 poenitentiam
1164 3060 1197 3117 et
1219 3052 1358 3139 dignam
1382 3054 1512 3118 veniret

387 3152 663 3217 satisfactionem.
690 3153 840 3216 (laeteris
869 3154 989 3218 diebus
1018 3155 1140 3240 synodi
1171 3161 1354 3219 tractatum
1385 3164 1437 3220 est
1472 3156 1510 3219 de

385 3256 525 3320 incestis
545 3256 710 3341 conjugiis
728 3263 761 3319 et
784 3256 934 3319 ecclesiis
955 3279 1040 3342 quae
1063 3255 1241 3335 dabantur,
1264 3257 1371 3321 immo
1388 3259 1511 3322 vende·

386 3358 510 3422 bantur
543 3357 750 3444 presbyteris
782 3359 815 3420 in
850 3358 1002 3442 partibus
1035 3358 1246 3435 Germaniae,
1278 3366 1312 3422 et
1345 3358 1512 3424 dabantur

387 3460 483 3524 laicis
507 3460 635 3539 illicite,
664 3468 697 3522 et
727 3459 935 3545 prohibitum
965 3483 1003 3523 ac
1034 3468 1200 3524 statutum
1229 3483 1270 3524 ne
1308 3459 1344 3525 id
1374 3463 1510 3526 omnino

387 3570 657 3648 praesumeretur
671 3561 713 3624 ab
734 3562 859 3647 alique.
887 3562 1082 3625 Tractatum
1104 3570 1156 3626 est
1179 3568 1214 3626 et
1231 3563 1273 3626 de
1294 3563 1371 3627 aliis
1395 3564 1510 3628 multis

387 3663 547 3728 ecclesiae
562 3663 779 3726 utilitatibus,

432 3767 560 3828 lnterea
584 3786 641 3828 rex
664 3765 753 3828 Otho
777 3772 915 3849 rogatus
939 3788 957 3828 a
982 3765 1153 3829 Ludovico
1178 3765 1373 3831 Conradum
1392 3768 1507 3833 ducem

384 3890 461 3930 cum
481 3867 757 3929 Lothariensibus
773 3867 807 3928 in
826 3866 899 3951 ejus
914 3867 1017 3930 mittit
1032 3867 1207 3947 auxilium,
1225 3875 1259 3932 et
1273 3868 1355 3932 dum
1372 3893 1509 3957 congre-

383 3976 482 4055 gatur
511 3968 689 4047 exercitus,
722 3968 887 4032 Artoldus
918 3977 1069 4032 moratur
1101 3993 1177 4033 cum
1209 3970 1421 4049 Trevirense‚
1453 3994 1507 4035 rex

385 4070 576 4134 Ludovicus
593 4094 668 4132 rum
689 4070 783 4148 duce,
808 4070 975 4134 ltodullus
996 4072 1230 4135 Laudunensis
1244 4094 1320 4135 cum
1340 4073 1507 4138 Alberone

384 4173 557 4236 Mettensi.
590 4172 767 4235 Exercitus
805 4173 1078 4235 Lethariensium
1110 4173 1305 4237 Mosomum
1340 4176 1444 4262 capit,
1476 4181 1507 4239 et

385 4275 608 4338 munitionem
621 4297 704 4361 quae
714 4275 837 4337 dicitur
848 4274 947 4337 Mons
956 4275 1177 4369 Acutusante
1190 4275 1392 4340 Laudunum
1405 4277 1504 4365 capit.

387 4379 490 4440 Porro
510 4377 658 4461 episcopi
681 4377 917 4438 lellrarienses
935 4377 1136 4440 Laudunum
1154 4377 1308 4458 veniunt,
1328 4377 1506 4465 Hugonem

386 4501 427 4542 ex
446 4487 541 4567 parte
561 4478 683 4542 Marini
709 4486 843 4560 vocant,
863 4485 896 4541 et
916 4477 963 4542 sic
988 4479 1030 4542 ad
1052 4501 1111 4541 sua
1133 4478 1285 4543 redeunt.
1309 4478 1411 4566 Hugo
1432 4502 1506 4544 vero
