3800 5642
390 686 448 750 198
854 703 1040 747 aernuorcus

386 827 589 892 defecerunt.
617 829 716 912 llugo
744 850 822 890 vero
858 824 1036 913 presbyter
1064 824 1217 889 Virduno
1254 830 1387 914 pulsuS,
1420 854 1505 894 anno

385 931 539 1017 sequenti
556 938 709 992 mortuus
725 936 795 1009 est;
818 952 884 1014 quo
900 928 1002 991 etiam
1023 951 1110 990 anno
1126 929 1247 993 timore
1268 931 1506 1017 Hungarorum

385 1057 507 1119 corpus
528 1032 635 1095 sancti
656 1032 802 1118 Remigii
819 1038 853 1094 et
867 1031 1009 1094 aliorum
1026 1030 1163 1116 pignera
1181 1041 1375 1097 sanctorum
1395 1035 1507 1099 Remis

384 1130 496 1199 delata
523 1144 612 1198 sunt.
642 1135 742 1219 Hugo
776 1133 865 1195 lilius
893 1133 1011 1195 Bertae
1049 1156 1105 1196 rex
1130 1133 1245 1197 ltaliae
1275 1137 1504 1211 constituitur,

385 1238 527 1324 expulso
544 1236 736 1321 Cisalpinae
753 1235 881 1299 Galliae
895 1257 973 1318 rege
987 1234 1134 1298 Rodulso
1153 1238 1247 1321 regni
1264 1238 1433 1305 invasore.
1452 1240 1507 1327 qui

310 1382 312 1387 -
385 1349 462 1404 ante
480 1338 739 1426 quadriennium
755 1338 883 1401 electus
902 1337 1004 1400 abeis
1022 1336 1131 1401 luerat
1144 1337 1273 1423 abjecto
1290 1364 1368 1427 rege
1389 1343 1506 1405 Beren-

386 1443 490 1527 gario.
512 1443 634 1504 Annus
652 1439 728 1511 928,
763 1440 945 1503 indictione
981 1439 1099 1526 prima,
1123 1463 1232 1504 annus
1255 1443 1388 1528 primus
1421 1444 1507 1530 regis

388 1544 541 1630 Hugonis
556 1544 663 1629 ipsius
679 1542 803 1607 extitit.
828 1542 925 1629 Hugo
943 1542 1067 1628 quique
1086 1542 1244 1626 Magnus,
1263 1545 1403 1609 lloberti
1422 1547 1507 1632 regis

386 1648 487 1722 titius,
509 1645 614 1709 filiam
642 1644 790 1708 Eduardi
818 1646 907 1731 regis
936 1643 1139 1729 Anglorum,
1178 1669 1328 1710 sororem
1355 1648 1507 1735 coniugis

387 1749 510 1824 Caroli,
533 1747 632 1811 duxit
649 1770 802 1810 uxorem.

431 1852 532 1914 Anno
549 1849 625 1922 927,
644 1849 750 1935 pestis
768 1849 865 1934 quasi
883 1847 985 1912 lehris
1001 1854 1034 1912 et
1053 1849 1159 1912 tussis
1178 1850 1284 1915 mixta
1303 1853 1507 1916 mortalitate

386 1954 420 2017 in
450 1961 589 2016 cunctas
618 1951 818 2015 Germaniae
845 1950 1044 2036 Galliaeque
1072 1960 1191 2035 gentes
1222 1962 1409 2038 grassatur,
1446 1978 1507 2043 qua

385 2078 566 2142 percussus
577 2054 751 2118 Widricus
767 2053 944 2118 Mettensis
960 2053 1102 2117 antistes
1114 2053 1321 2139 defungitur,
1334 2065 1367 2120 et
1381 2057 1508 2121 evocati

387 2158 428 2221 ad
446 2156 652 2245 colloquium
670 2156 819 2219 Heinrici
837 2164 930 2219 trans
954 2155 1109 2219 Rhenum
1131 2156 1317 2221 Herbertus
1341 2181 1456 2223 comes
1478 2167 1508 2222 et

388 2260 486 2345 Hugo
521 2260 666 2343 Magnus
702 2258 841 2322 Roberti
876 2257 979 2337 filius,
1016 2281 1096 2344 pace
1126 2260 1270 2337 tirmato,
1312 2262 1507 2324 muneribus

387 2362 582 2425 Heinricum
603 2362 786 2449 honorant,
805 2367 838 2424 et
861 2360 1069 2423 honorantur
1087 2360 1129 2423 ab
1155 2361 1225 2425 illo.
1255 2361 1303 2425 lhi
1329 2363 1507 2427 lleinricus

386 2471 578 2548 contempta
604 2464 767 2527 electione
796 2463 933 2539 civium,
965 2463 1174 2549 episcopium
1210 2464 1392 2527 Mettensis
1417 2465 1507 2528 urbis

385 2566 517 2630 cuidam
534 2589 630 2628 servo
647 2566 719 2645 Dei,
737 2573 776 2629 ut
791 2563 970 2645 ferebatur,
988 2565 1081 2628 dedit
1100 2574 1326 2651 cognomento
1343 2569 1505 2631 Bennoni.

387 2668 572 2732 Herbertus
590 2668 749 2731 Carolum
773 2668 814 2730 de
834 2668 987 2730 custodia
1003 2667 1112 2753 ejecit,
1139 2691 1322 2755 secumque
1341 2693 1449 2757 usquc
1469 2671 1508 2733 ad
1536 2702 1538 2706 ·

387 2771 548 2834 Sanctum
569 2768 768 2846 Quintinum
785 2769 936 2834 deduxit.
959 2770 1076 2833 Mettis
1098 2778 1132 2834 et
1149 2793 1208 2855 per
1226 2771 1373 2835 Galliam
1391 2772 1507 2839 timore

386 2874 623 2957 Hungarorum
652 2871 749 2956 fugae
784 2871 966 2957 agitantur,
1009 2872 1137 2935 scilicet
1176 2895 1235 2957 per
1266 2874 1445 2938 Franciam
1477 2881 1508 2938 et

388 2974 651 3060 lotharingiam.
673 2975 773 3036 Anno
794 2974 962 3061 sequenti,
984 2972 1151 3036 Rodulsus
1167 2974 1279 3038 audita
1296 2975 1508 3040 restitutione

386 3075 498 3140 Caroli
513 3099 590 3139 cum
612 3076 727 3139 hostili
748 3099 849 3138 manu
872 3075 912 3138 de
942 3076 1137 3160 Burgundio
1162 3076 1195 3138 in
1215 3076 1394 3141 Franciam
1415 3079 1507 3142 venit

386 3178 578 3265 praedando
589 3186 623 3241 et
643 3177 714 3241 loca
731 3177 896 3264 quaedam
921 3178 1150 3259 incendendo;
1171 3179 1224 3242 cui
1251 3179 1351 3264 Hugo
1371 3180 1509 3245 Roherti

386 3281 476 3343 tilius
500 3280 633 3343 obviam
665 3281 711 3342 ire
737 3288 842 3366 parat,
876 3288 909 3343 et
937 3280 1115 3344 venientes
1140 3304 1242 3366 super
1273 3282 1400 3350 lsaram
1426 3282 1511 3347 inter

386 3382 569 3446 Rodullum
601 3405 716 3468 regem
746 3391 780 3445 et
827 3381 1031 3446 Herbertum
1080 3383 1238 3449 comitem
1274 3392 1451 3470 sequester
1478 3392 1510 3449 et

386 3485 517 3548 medius
534 3484 608 3549 luit.
632 3484 817 3547 Herbertus
837 3508 916 3547 vero
932 3485 1020 3548 datis
1035 3484 1210 3549 obsidibus
1228 3488 1391 3573 usquead
1410 3487 1510 3551 deno.

387 3588 552 3651 minatum
565 3586 727 3673 placitum
741 3587 864 3654 ,Remis
876 3610 952 3650 cum
966 3587 1087 3651 Carolo
1100 3588 1205 3667 venit,
1221 3589 1366 3681 indeque
1380 3590 1510 3658 litteras

385 3690 531 3753 lohanni
557 3712 663 3775 papae
693 3689 797 3752 mittit
818 3689 859 3752 de
880 3690 1093 3753 restitutione
1117 3698 1149 3754 et
1175 3690 1301 3754 honore
1327 3691 1453 3770 Caroli,
1475 3700 1511 3755 ut

387 3792 451 3854 sihi
480 3792 543 3874 suh
579 3791 853 3854 interminatione
886 3792 1248 3856 excommunicationis
1278 3803 1506 3882 praeceperat.

388 3894 556 3955 Reversus
576 3902 688 3956 autem
707 3894 831 3956 missus
852 3894 1025 3957 nunciavit
1044 3895 1156 3981 ipsum
1177 3918 1298 3982 papam
1320 3897 1509 3961 Johanncm

385 4019 403 4058 a
423 3996 580 4075 Widone,
592 3996 693 4059 fratre
712 3997 866 4081 llugonis
880 3997 981 4082 regis,
992 4004 1128 4082 propter
1141 3998 1333 4061 simultates
1346 4000 1509 4085 quasdam

386 4098 473 4161 inter
498 4121 555 4160 eos
573 4105 708 4161 exortas
736 4106 905 4161 retrusum
927 4097 1030 4161 fuisse
1058 4099 1091 4161 in
1122 4122 1301 4162 carcerem.
1327 4100 1409 4165 Post
1429 4102 1509 4165 haee

387 4199 572 4263 Herbertus
602 4222 637 4262 se
680 4198 826 4263 Rodullo
854 4200 1080 4279 commendat,
1118 4201 1256 4264 reducto
1285 4202 1410 4266 iterum
1449 4202 1508 4268 suh

386 4302 536 4365 custodia
565 4301 699 4381 Carolo‚
722 4310 755 4364 et
784 4325 860 4386 cum
886 4301 944 4363 illo
969 4302 1190 4388 proficiscitur
1214 4302 1349 4367 obviam
1374 4304 1508 4390 llugoni

385 4404 455 4486 regi
473 4404 598 4467 ltaliae.
628 4404 742 4465 Benno
767 4402 945 4468 Mettensis
965 4404 1143 4490 episcopus
1167 4403 1301 4468 insidiis
1323 4407 1504 4493 appetitus,

383 4506 532 4568 eviratus
558 4512 590 4569 et
617 4505 812 4596 luminibus·
835 4505 989 4590 privatus
1020 4512 1083 4569 est.
1118 4504 1287 4569 Rodullus
1312 4515 1429 4572 autem
1452 4531 1504 4572 rer
