3800 5642
841 732 1030 777 APPENDICES

919 909 965 972 lV

479 1072 703 1140 EXTRAITS
723 1076 782 1140 DE
803 1075 840 1140 L'
862 1103 877 1136 «
899 1076 1116 1141 HISTORIA
1137 1077 1387 1144 ECCLESIAE

804 1191 1032 1258 REMENSIS
1055 1206 1099 1258 ¹».

630 1360 701 1426 Lm.
730 1361 773 1438 ll,
800 1382 827 1426 a.
854 1382 900 1425 ιιι.
929 1382 969 1425 on
986 1383 1103 1428 sarcre
1125 1382 1256 1429 nasone.

294 1687 364 1746 ales,
425 1669 569 1749 Quando
597 1694 704 1759 nuper
730 1673 791 1736 hae
816 1672 1004 1737 Galliarum
1028 1673 1168 1761 patriae,
1202 1674 1349 1761 peccatis
1381 1673 1506 1737 nostris

293 1755 659 1864 ,⁵4⁷5’5,6⁶‚impcllentibuS,
704 1779 944 1866 Hungarorum
985 1779 1109 1865 gladiis
1148 1779 1381 1844 dilacerandae
1428 1785 1507 1842 sunt

380 1879 535 1963 traditae,
560 1881 698 1966 quidam
730 1880 948 1955 barbarorum
971 1882 1087 1947 Sancti
1119 1882 1232 1946 Basoli
1265 1881 1508 1946 monasterium

381 1982 539 2068 ingressi,
573 1983 654 2046 dum
687 1983 801 2048 cleriei
833 1985 903 2071 jam
936 2008 1014 2048 cum
1046 1984 1180 2070 patroni
1223 1984 1275 2048 sui
1311 1981 1509 2071 pigneribus

382 2084 425 2150 ad
451 2085 622 2149 civitatem
651 2086 894 2173 confugissent,
919 2087 1111 2151 habitacula
1137 2086 1291 2151 coenobii
1315 2083 1510 2149 hominibus

382 2210 468 2275 pene
496 2210 601 2252 vacua
638 2196 846 2275 repererunt,
886 2189 999 2276 ibique
1042 2195 1206 2252 metatum
1247 2211 1346 2251 suum
1384 2186 1510 2251 consti-

383 2296 529 2369 tuenteS,
547 2290 612 2353 huc
631 2291 867 2378 undecumque
886 2292 1029 2378 predatu
1047 2290 1170 2355 reverti
1190 2298 1385 2376 coeperunt.
1416 2287 1509 2367 Quo-

384 2415 461 2456 rum
474 2392 612 2478 quidam
629 2394 664 2456 in
682 2383 842 2457 ecclesiae
858 2394 1034 2478 signorum
1051 2392 1225 2473 turricula,
1241 2393 1398 2456 deaurata
1416 2413 1512 2454 cons-

386 2494 517 2582 piciens
543 2494 691 2559 relucere
725 2496 870 2575 metalla,
905 2496 1036 2582 cupidis
1069 2497 1142 2559 auri
1172 2494 1347 2582 pecuniae,
1381 2498 1511 2557 tectum

387 2596 585 2661 conscendit
610 2597 780 2675 basilicae,
808 2598 970 2684 nisusque
990 2597 1152 2684 dissipare
1175 2596 1382 2676 turriculam,
1401 2594 1513 2659 subito

387 2698 548 2785 delapsus
567 2698 610 2763 ad
628 2707 751 2763 terram
769 2700 906 2780 corruit,
929 2700 1157 2787 membrisque
1170 2698 1351 2763 confractis
1368 2697 1508 2762 interiit.

387 2801 489 2865 Alius
513 2801 633 2865 horum
659 2825 759 2889 super
782 2825 874 2866 aram
896 2802 1002 2888 ipsius
1025 2801 1197 2880 ecclesiae,
1220 2802 1254 2864 in
1279 2801 1404 2864 honore
1423 2799 1515 2864 beati

386 2902 527 2968 Martini
539 2911 782 2994 consecratam,
802 2913 943 2968 conatus
959 2905 1150 2984 ascendere,
1165 2904 1246 2967 dum
1259 2926 1396 2966 manum
1413 2924 1514 2988 supra

387 3028 492 3069 cornu
524 3005 640 3070 altaris
677 3007 901 3094 apposuisset,
937 3007 1010 3092 ipsa
1042 3029 1162 3069 manus
1189 3006 1262 3091 ejus
1291 3005 1338 3068 ita
1366 3003 1512 3067 inhaesit

390 3109 561 3189 marmori,
582 3115 621 3173 ut
643 3108 737 3173 nullo
759 3109 860 3172 modo
890 3108 931 3172 ab
956 3132 994 3172 eo
1015 3115 1130 3195 postea
1143 3107 1310 3194 potuisset
1329 3105 1441 3169 avelli.
1473 3104 1516 3168 Et

390 3210 470 3298 quia
489 3210 543 3274 hic
562 3234 640 3274 eum
655 3211 708 3275 sui
723 3213 905 3274 noluerunt
922 3209 1123 3296 relinquere,
1142 3217 1271 3294 partem
1291 3207 1413 3294 lapidis
1428 3205 1516 3269 circa
1562 3205 1565 3211 ’

391 3336 529 3377 manum
545 3313 653 3400 ipsius
668 3312 872 3401 bipennibus
884 3312 1136 3391 abscindentes,
1152 3334 1229 3374 eum
1241 3332 1355 3373 secum
1369 3307 1517 3394 particu-

390 3416 460 3480 lam
474 3416 662 3495 marmoris,
683 3438 769 3502 quae
786 3415 902 3479 manui
918 3416 992 3501 ejus
1009 3414 1219 3488 adhaeserat,
1235 3411 1340 3475 invite
1354 3410 1517 3474 ferentem

393 3516 616 3582 deduxerunt.
635 3518 701 3596 Qui
715 3519 818 3582 etiam
838 3518 847 3584 l
852 3526 888 3581 ut
901 3517 1027 3602 captivi
1040 3516 1098 3602 qui
1111 3515 1237 3578 reversi
1255 3522 1334 3578 sunt
1350 3513 1513 3594 referunt)

393 3618 559 3706 usquead
584 3626 709 3684 terram
731 3643 839 3700 suam,
863 3626 978 3683 arente
998 3618 1070 3704 jam
1092 3616 1238 3695 brachie,
1260 3616 1350 3678 hunc
1371 3613 1518 3700 lapidem

393 3723 506 3789 ferens
530 3732 564 3789 et
587 3723 699 3788 Basoli
717 3723 842 3785 virtute
855 3721 982 3785 lactum
998 3720 1223 3808 proclamans,
1237 3740 1394 3781 reversus
1408 3722 1471 3781 est.

662 3920 731 3983 Lm.
761 3917 803 3996 ll,
831 3938 858 3981 c.
883 3939 915 3980 x.
937 3938 976 3978 nu
1000 3935 1117 3978 sumno
1133 3933 1248 3978 asoto,

428 4459 450 4503 1.
464 4453 540 4502 Nous
551 4453 705 4500 suivonsici
718 4452 742 4498 le
757 4453 829 4498 texte
844 4451 876 4496 de
890 4448 1011 4495 l'edition
1025 4446 1129 4494 donndc
1144 4460 1192 4506 par
1206 4444 1298 4491 llcller
1311 4447 1338 4490 et
1352 4441 1443 4488 Waitz
1453 4440 1521 4486 dans

396 4536 436 4584 lcs
448 4533 519 4582 Mon.
535 4533 623 4581 Germ.
636 4531 784 4592 hist.,Scr.,
798 4534 817 4578 t.
833 4529 907 4586 Xlll,
922 4543 967 4589 pp.
982 4530 1026 4573 loo
1040 4530 1067 4573 ct
1080 4525 1161 4580 suiv„
1175 4539 1208 4570 cn
1220 4539 1238 4584 y
1252 4523 1351 4570 faisant
1364 4511 1402 4569 les
1416 4534 1521 4567 correc-

393 4611 478 4660 'tions
487 4607 663 4657 necessaires.
