3800 5642
750 717 893 761 ANNALES
917 720 958 762 DE
982 720 1000 761 F
1003 719 1150 763 LODOARD

913 967 976 1048 M

324 1159 357 1212 27
433 1147 535 1211 Anno
559 1168 743 1216 nccccxxvu
755 1161 783 1231 A,
810 1151 897 1216 inter
911 1149 1098 1215 Rodulfum
1115 1172 1228 1235 regem
1248 1156 1282 1214 et
1300 1149 1515 1214 Heribertum

387 1250 557 1331 comitem,
570 1274 630 1338 pro
642 1252 859 1317 Laudunensi
870 1254 1034 1317 comitatu
1048 1276 1148 1339 quem
1160 1251 1360 1317 Heribertus
1370 1251 1480 1316 Odoni
1489 1252 1512 1333 ¹,

387 1350 457 1414 filio
468 1375 541 1427 suo,
553 1353 624 1417 dari
640 1354 786 1439 petebat,
800 1356 1005 1420 concedente
1019 1355 1116 1419 illum
1133 1378 1211 1440 rege
1220 1354 1353 1418 cuidem
1370 1355 1515 1418 filiorum

389 1454 572 1540 Rotgarii2,
596 1457 731 1520 nomine
758 1457 958 1544 Rotgarior,
986 1457 1141 1521 simultas
1168 1457 1371 1521 exoritur&
1397 1448 1517 1520 Acies²

388 1557 507 1642 igneae
516 1568 530 1596 ⁸¹
542 1557 658 1622 Remis
671 1558 706 1622 iu
720 1559 843 1641 caelov,
853 1582 968 1623 mense
981 1560 1223 1639 Martio,mane
1236 1558 1381 1646 quadam
1392 1558 1445 1622 die
1459 1560 1517 1621 do-

388 1659 534 1723 minicae
554 1661 684 1740 visaeae,
700 1661 753 1725 cui
769 1663 867 1748 signo
882 1663 989 1749 pestis
1007 1686 1024 1726 e
1042 1661 1187 1747 vestigio
1202 1673 1217 1714 e
1235 1661 1397 1725 successit
1419 1661 1518 1747 quasi

389 1759 491 1825 febris
508 1769 542 1826 et
557 1763 661 1827 tussis
678 1777 796 1850 quae2,
817 1765 921 1828 mixta
940 1776 1101 1852 quoque³
1119 1763 1337 1843 mortalitate,
1362 1763 1394 1826 in
1416 1786 1516 1826 cunc-

389 1871 442 1928 tas
464 1865 693 1929 Germaniaeb
722 1867 942 1954 Galliaequec
970 1866 1115 1953 gentesd
1142 1866 1288 1952 irrepsit.
1318 1864 1515 1929 Widricus5

389 1970 571 2035 Mettensis
597 1972 739 2037 antistes
761 1971 966 2060 defungitur.
996 1972 1219 2037 Heribertuse
1246 1994 1359 2035 comes
1383 1971 1515 2058 legatos

391 2095 471 2136 suos
483 2082 576 2138 trans
590 2075 768 2139 Rhenums
782 2075 897 2163 dirigit
907 2088 935 2155 A,
949 2077 991 2139 ad
1005 2075 1225 2139 Heinricuml
1241 2095 1248 2153 ;
1266 2074 1390 2162 quibus
1405 2097 1513 2139 rever·

391 2175 451 2253 siS,
469 2184 629 2242 evocatur
641 2177 684 2241 ad
700 2177 909 2264 colloquium
925 2177 1075 2242 Heinriei
1095 2199 1154 2262 per
1170 2177 1319 2241 eosdem.
1336 2176 1392 2239 Ad
1407 2199 1493 2263 quos
1507 2175 1515 2215 ἰ

390 2301 574 2365 properans
594 2302 671 2343 cum
690 2280 867 2366 Hugonel,
891 2280 1045 2344 Rotherti
1063 2280 1146 2360 filio,
1169 2302 1250 2366 pace
1269 2280 1415 2359 firmata,
1442 2302 1515 2342 mu-

393 2381 530 2444 neribus
559 2382 755 2446 Heinricum
784 2382 953 2446 honoretl
987 2389 1035 2449 et.
1052 2383 1238 2445 honoratur
1267 2381 1310 2444 ab
1339 2380 1434 2445 illoss.
1467 2380 1517 2444 lbi

392 2483 495 2546 etiam
511 2483 689 2548 Heinricus
700 2484 909 2570 episcopium
923 2483 1173 2564 Mettensiuml,
1186 2489 1413 2569 contemptam
1428 2483 1516 2546 elec-

392 2585 483 2650 tione
499 2585 815 2671 ipsorum,cuidam,
829 2594 866 2650 ut
884 2586 1064 2665 ferebatur,
1082 2586 1144 2649 Dei
1155 2608 1252 2649 servo
1268 2585 1373 2664 dedit,
1392 2607 1515 2671 cogno-

393 2696 507 2753 mento
521 2689 733 2754 Bennoni7...
1493 2704 1494 2707 ¹

438 2790 551 2877 llugo,
562 2790 652 2855 filius
669 2790 836 2871 Rotberti,
859 2798 893 2854 et
906 2791 1105 2854 Heribertus
1117 2802 1132 2831 '¹
1151 2812 1264 2854 comes
1279 2795 1396 2853 contra
1406 2788 1516 2853 Nord-

424 3053 453 3116 ᾳ)
474 3054 680 3114 nongentesimo
698 3069 781 3110 xxvu,
802 3053 832 3101 D.
851 3079 882 3086 -
894 3053 921 3114 r)
946 3053 1083 3114 Rotgerio,
1103 3051 1134 3109 A,
1154 3048 1287 3119 Rotgarii,
1302 3047 1332 3104 B,
1352 3046 1380 3105 C,
1396 3047 1432 3118 D,
1442 3046 1471 3092 E.
1485 3071 1518 3081 -

392 3114 415 3176 s)
428 3119 522 3164 exortu
538 3119 589 3174 est,
603 3118 635 3172 A,
653 3116 776 3177 exqritur
795 3114 863 3176 (sic),
878 3117 906 3163 C.
920 3141 950 3149 -
967 3117 985 3175 t)
998 3115 1095 3171 nectes,
1113 3112 1142 3171 C,
1154 3112 1224 3158 E.-
1239 3121 1265 3171 u)
1281 3124 1366 3172 ignee,
1380 3110 1413 3167 A,
1426 3123 1512 3169 ignee,

393 3191 465 3224 corr.
480 3178 530 3224 eni
551 3192 625 3237 neae,
637 3178 704 3225 B.-
716 3179 740 3239 v)
755 3179 821 3238 cele,
836 3179 865 3237 A,
879 3178 946 3225 D.-
957 3183 984 3238 x)
994 3177 1060 3236 vise,
1072 3178 1102 3232 A,
1111 3176 1140 3233 B,
1153 3174 1181 3220 C.
1191 3201 1222 3208 -
1232 3174 1258 3236 y)
1269 3172 1374 3232 vestigi,
1391 3184 1462 3218 corr.
1479 3185 1513 3218 en

394 3240 519 3301 vestigio,
532 3193 560 3288 g.
578 3267 610 3275 -
626 3240 650 3300 z)
671 3254 731 3302 que,
744 3241 775 3297 A,
792 3241 823 3287 D.
843 3267 873 3275 -
887 3241 912 3300 a)
934 3239 1021 3296 Deest,
1040 3242 1072 3287 A.
1084 3265 1119 3306 ,—
1131 3236 1158 3296 bl
1172 3234 1325 3294 Germanic,
1345 3234 1377 3290 A,
1390 3234 1421 3280 B.
1440 3259 1471 3267 -
1490 3233 1514 3291 c)

394 3300 481 3349 Gullie
501 3317 542 3360 ue,
555 3302 584 3351 B.
599 3301 739 3366 Gallieque
751 3303 783 3359 A,
800 3303 828 3351 C.
842 3330 873 3338 -
884 3302 911 3363 d)
925 3307 965 3365 gs,
984 3303 1012 3349 C.
1024 3328 1055 3336 -
1067 3313 1089 3361 c]
1102 3298 1263 3355 Herbertus,
1278 3296 1309 3344 B.
1322 3321 1353 3330 -
1363 3294 1387 3356 s)
1401 3296 1513 3352 Renum,

367 3374 376 3387 ·
394 3364 424 3421 Β,
436 3364 467 3423 Ε,
482 3317 614 3419 genuum,
626 3365 654 3414 C.
669 3391 698 3400 -
712 3365 740 3428 9)
754 3365 829 3425 digit,
844 3379 915 3413 corr.
930 3380 963 3413 en
975 3363 1076 3424 dirigit,
1094 3362 1121 3410 C.
1140 3388 1171 3396 -
1184 3361 1211 3422 li)
1231 3358 1382 3416 Heinricus,
1397 3371 1468 3404 corr.
1481 3371 1514 3403 en

394 3424 562 3486 lleinricum,
580 3426 612 3475 D.
628 3453 659 3463 -
676 3426 694 3489 ι’)
715 3427 796 3488 quod,
812 3427 843 3485 B,
863 3428 891 3485 C,
905 3427 936 3475 D.
952 3454 981 3462 -
992 3426 1016 3489 j)
1031 3426 1119 3481 Deest,
1140 3423 1171 3470 Ε.
1185 3448 1216 3457 -
1233 3421 1259 3482 lc)
1279 3420 1422 3491 honorant,
1440 3431 1511 3465 corr.

393 3502 427 3536 en
440 3488 565 3547 honoret,
578 3489 606 3537 C.
619 3516 650 3526 -
664 3489 681 3551 l)
700 3489 871 3548 Metensium,
884 3489 912 3539 C.
924 3516 955 3524 -
966 3493 1001 3550 m)
1017 3490 1154 3544 contenta,
1168 3485 1198 3531 B.
1211 3511 1243 3519 -
1261 3489 1287 3544 n)
1299 3481 1470 3538 Herrbertur,
1484 3481 1512 3528 C.

426 3855 449 3902 1.
468 3853 556 3901 Eudes
569 3855 658 3917 paruit
668 3855 724 3903 etro
737 3854 871 3902 l'ulncdes
881 3855 922 3901 fils
935 3850 1124 3900 d'Herbertll.

427 3923 449 3964 2.
469 3915 557 3978 Rogcr
568 3917 601 3964 dc
621 3916 694 3964 Leon
712 3917 788 3979 (niori
801 3915 932 3977 d'Heluis)
947 3919 1019 3963 mort
1035 3913 1139 3961 l'anncc
1157 3909 1329 3973 precedente.
1346 3907 1388 3955 Vo
1411 3907 1513 3965 .Ann.,

393 3995 418 4028 a.
432 3983 488 4028 926.
501 4005 531 4014 -
545 3978 631 4027 Ruoul
643 3978 745 4027 voulait
759 3979 825 4027 ainsi
841 3979 974 4026 favoriser
995 3977 1018 4025 le
1038 3976 1159 4086 grincipe
1178 3975 1212 4022 de
1228 3970 1366 4020 l'hdrcdlte
1399 3985 1427 4016 es
1447 3969 1514 4026 liels,

393 4043 491 4090 contre
506 4040 625 4090 Herbert
636 4041 683 4104 qui
694 4041 844 4089 convoitnit
854 4043 878 4089 le
891 4040 980 4089 comte
991 4041 1024 4087 de
1059 4053 1120 4086 non.

428 4109 450 4151 3.
463 4102 509 4151 Gt.
522 4103 592 4152 Hiet.
605 4104 670 4152 eccl.
686 4103 768 4163 Rem„
781 4104 826 4163 IV,
840 4109 878 4151 21.
1451 4155 1456 4164 ,

427 4169 450 4213 A.
470 4166 520 4213 Les
530 4167 686 4214 dimanches
699 4167 732 4214 de
745 4181 816 4213 mars
828 4171 872 4212 927
887 4165 1042 4214 tombcrent
1052 4163 1090 4211 les
1104 4165 1126 4220 A,
1139 4165 1177 4221 11,
1193 4164 1221 4206 18
1235 4162 1262 4206 et
1275 4163 1303 4204 25
1317 4157 1350 4204 de
1360 4170 1391 4203 ce
1404 4170 1481 4203 mois.

428 4233 452 4274 5.
471 4228 562 4276 Werri
574 4243 610 4276 ou
626 4228 732 4288 Gucrri,
744 4229 846 4289 eveque
859 4229 892 4276 de
906 4227 976 4275 Melz
986 4228 1084 4289 (eli-19
1099 4224 1198 4272 fcvrier
1210 4223 1275 4296 927).
1289 4218 1330 4266 On
1343 4231 1514 4292 remarquera

394 4306 449 4354 que
473 4291 608 4339 Flodourd
627 4292 711 4339 relate
730 4295 802 4339 cette
819 4293 898 4349 mort,
913 4290 992 4352 apres
1012 4288 1088 4336 avoir
1108 4287 1236 4348 rapporte
1264 4283 1312 4353 des
1331 4279 1514 4346 plrenomenes

395 4353 528 4402 observes
536 4368 570 4401 au
582 4354 652 4401 mois
664 4354 698 4402 de
711 4368 790 4412 murs,
804 4352 875 4400 alors
886 4352 983 4414 qu'elle
996 4356 1038 4398 est
1050 4351 1086 4397 du
1102 4349 1170 4396 mois
1180 4348 1213 4393 de
1229 4344 1336 4392 fevrrer.
1352 4342 1430 4389 Gesta
1443 4354 1515 4402 epis-

396 4416 720 4526 mentirentur
730 4415 915 4524 penge„
930 4415 1041 4524 leil·
1055 4478 1085 4521 59

431 4515 454 4588 'li
472 4514 593 4601 Bennoii,
607 4540 709 4603 eveque
722 4514 755 4588 dl
786 4514 839 4587 ¹etz
852 4492 1000 4601 (llll-lille).¹
1014 4491 1041 4537 p·
1089 4510 1094 4520 Ι
