3800 5642
397 655 457 720 194
861 676 1054 722 arraxmcas

268 829 366 875 chron.
440 800 565 862 Exorta
580 821 660 883 ergo
677 797 842 863 discordia
868 800 955 864 inter
979 799 1139 864 Carolum
1161 809 1195 864 et
1218 803 1313 888 regni
1336 803 1514 891 principeS,

282 904 342 951 Div.
395 904 481 965 fiunt
498 901 575 964 lites
592 908 625 963 et
645 900 744 979 bella,
762 901 898 987 rapinae
907 903 1115 981 etincendia,
1127 911 1160 966 et
1173 903 1351 968 innumera
1368 908 1516 993 undique

398 1000 532 1064 seviunt
560 1000 660 1063 mala.
696 1000 845 1062 Tandem
881 1023 939 1063 rex
970 1000 1050 1065 facti
1088 1002 1242 1087 penitens
1277 1003 1450 1090 principes
1477 1006 1515 1068 ad

395 1101 605 1165 concordiam
623 1108 824 1179 commovet,
834 1125 1018 1188 pacemque
1030 1109 1224 1188 exoptatam
1241 1127 1318 1167 cum
1332 1105 1381 1169 eis
1395 1106 1513 1172 firmat.

396 1203 585 1267 Richardus
609 1204 724 1289 igitur,
751 1203 809 1289 qui
836 1202 878 1266 ab
907 1205 1132 1291 exequutione
1150 1205 1303 1291 justitiae
1328 1231 1515 1293 cognomen

394 1318 579 1397 acceperat,
596 1309 756 1395 quamdiu
772 1310 867 1381 vixit,
887 1311 1009 1374 Carolo
1021 1312 1091 1398 regi
1108 1334 1241 1399 semper
1257 1312 1369 1377 fidelis
1385 1316 1513 1392 extitit;

393 1436 460 1499 quo
473 1420 606 1475 mortuo
621 1435 709 1475 anno
725 1411 802 1491 922,
819 1410 936 1476 Odone
948 1437 1081 1500 quoque
1096 1437 1174 1499 rege
1186 1414 1358 1496 defuncto,
1373 1417 1512 1482 Kalend.

392 1515 541 1579 lanuarii
562 1513 752 1601 praedictus
774 1514 941 1578 Robertus
961 1514 1063 1579 frater
1082 1516 1153 1600 ejus
1172 1540 1312 1603 sperans
1328 1525 1362 1582 et
1377 1521 1514 1605 cupiens

392 1625 612 1703 campartem
633 1616 738 1700 regni,
768 1640 869 1702 quam
901 1617 973 1703 ipse
993 1625 1157 1697 tenuerat,
1183 1620 1260 1705 quia
1286 1620 1317 1683 ei
1344 1644 1363 1683 a
1393 1620 1513 1686 Carolo

392 1719 564 1806 Simplice,
586 1719 643 1805 qui
663 1719 769 1782 totius
791 1719 886 1805 regni
912 1728 983 1782 erat
1009 1720 1178 1800 dominus,
1202 1744 1270 1784 non
1296 1723 1510 1802 reddebatur,

391 1823 502 1909 palam
537 1822 662 1885 invasit
697 1820 923 1905 tyrannidem,
975 1831 1009 1885 et
1047 1846 1066 1885 a
1106 1822 1309 1908 quibusdam
1346 1827 1513 1913 episcopis

326 1971 329 1977 -
391 1924 579 1988 diademate
596 1924 686 2010 regio
711 1924 863 1986 coronari
886 1931 919 1985 et
943 1931 1075 2009 sceptro
1098 1925 1193 2010 regni
1214 1926 1370 2013 insigniri
1391 1930 1512 2015 partim

391 2026 580 2105 blandiciis,
610 2026 733 2112 partim
764 2026 865 2087 minis
896 2027 1049 2104 extorsit,
1079 2026 1138 2090 sed
1170 2050 1383 2115 nequaquam
1414 2032 1512 2118 hujus

390 2129 675 2214 praesumptionis
702 2127 788 2191 letos
811 2129 922 2191 exitus
949 2128 1078 2193 habuit.

437 2233 538 2295 Anno
565 2231 606 2294 ab
635 2232 700 2295 inc.
729 2231 826 2293 Dom.
859 2228 923 2293 900
953 2230 1117 2295 Arnullus
1142 2232 1326 2317 imperator
1349 2234 1447 2313 obiit,
1481 2244 1512 2299 et

392 2334 584 2398 Ludovicus
604 2334 694 2397 lilius
712 2333 786 2418 ejus
808 2333 983 2396 successit.
1010 2334 1073 2397 Hic
1094 2334 1268 2398 duodecim
1288 2336 1388 2400 annis
1406 2338 1510 2401 admi-

391 2437 533 2501 nistrato
550 2436 690 2522 imperio
701 2434 796 2513 obiit,
822 2442 855 2498 et
870 2434 1026 2499 Conrado
1041 2436 1110 2498 filio
1129 2436 1276 2500 Conradi
1297 2438 1395 2502 ducis
1419 2442 1510 2527 regni

391 2546 522 2624 sceptra
543 2532 777 2625 reliquit'anno
795 2535 837 2600 ab
857 2538 923 2602 inc.
942 2538 1041 2602 Dom.
1065 2538 1141 2604 911.
1160 2538 1224 2602 Hic
1238 2539 1340 2603 etiam
1355 2543 1509 2629 regnavit

391 2642 489 2703 annis
500 2664 632 2710 novem,
649 2649 681 2704 et
695 2640 875 2703 Heinricus
887 2640 1016 2725 primus
1033 2641 1197 2705 successit
1211 2664 1355 2727 magnus
1365 2644 1508 2730 impera-

392 2748 445 2805 tor
460 2766 549 2805 anno
565 2742 640 2806 920.
658 2743 706 2805 Eo
720 2765 808 2804 anno
819 2741 907 2804 inter
919 2742 1120 2806 Hilduinum
1131 2743 1327 2829 episcopum
1341 2753 1376 2809 et
1388 2747 1508 2810 Richa-

393 2844 479 2907 rium
496 2844 652 2908 abbatem
665 2844 706 2907 de
720 2845 914 2930 episcopatu
929 2844 1118 2930 Tungrensi
1132 2844 1307 2909 habitaest
1322 2850 1505 2933 contentia,

390 2947 555 3033 siquidem
573 2970 632 3010 rex
642 2946 738 3009 illum
750 2947 980 3033 episcopatum
996 2947 1153 3011 Richario
1169 2948 1273 3029 dedit,
1284 2950 1361 3036 quia
1379 2952 1508 3015 Hildui-

389 3073 463 3128 nus,
483 3050 537 3113 cui
555 3049 639 3112 illud
659 3050 752 3135 prius
770 3049 951 3121 ‹lederat,a
968 3072 1003 3112 se
1014 3049 1169 3114 descivit.
1184 3051 1413 3117 Herimannus
1430 3078 1506 3118 vero

389 3152 600 3216 Coloniensis
613 3151 897 3236 archiepiscopus
915 3151 1061 3236 eligente
1072 3152 1160 3215 clero
1171 3160 1205 3216 et
1223 3152 1358 3218 favente
1369 3157 1504 3242 populo,

388 3278 519 3318 necnon
542 3262 575 3318 et
599 3253 802 3332 Gisleberto,
828 3276 928 3340 quem
953 3254 1090 3339 plurimi
1121 3254 1361 3328 Lotharienses
1391 3258 1506 3323 relicto

387 3356 508 3421 Carolo
535 3356 720 3443 principem
750 3356 1001 3436 ordinaverant,
1030 3356 1230 3419 Hilduinum
1261 3357 1307 3420 ibi
1339 3360 1506 3424 ordinavit

387 3460 594 3547 episcopum,
615 3482 691 3521 cum
710 3457 852 3521 Carolus
875 3457 984 3543 ipsum
1005 3458 1248 3544 episcopatum,
1266 3465 1368 3523 etiam
1386 3463 1506 3526 hotha-

386 3562 554 3624 riensibus
571 3561 642 3641 jam
660 3559 702 3623 ad
717 3582 752 3621 se
766 3560 910 3623 reversis
925 3582 1002 3622 cum
1023 3559 1213 3623 Gisleberto
1233 3561 1330 3634 duce,
1349 3563 1505 3627 Richario

386 3662 499 3728 abbati
525 3660 744 3737 consentiret,
778 3661 998 3747 quamobrem
1022 3662 1156 3747 utrique
1188 3662 1331 3727 Romam
1367 3667 1505 3751 profecti

320 3801 322 3803 v
385 3774 475 3828 sunt.
511 3766 610 3827 Anno
638 3764 695 3827 92l
726 3761 841 3827 habita
867 3771 918 3825 est
942 3764 1094 3850 synodus
1117 3765 1205 3849 apud
1226 3765 1429 3847 Trosleium,
1454 3770 1505 3833 cui

384 3866 728 3952 praeseditHeriveus
747 3866 929 3928 Remorum
944 3866 1295 3953 archicpiscopuS,11bi
1313 3877 1347 3933 et
1365 3871 1504 3936 Carolus

386 3967 554 4041 interluit;
575 3968 632 4054 qui
654 3968 730 4030 inde
749 3968 920 4053 digressus
946 3968 981 4029 in
1001 3991 1142 4054 regnum
1162 3969 1313 4033 Lotharii
1341 3973 1437 4053 abiit,
1474 3980 1505 4038 et

384 4070 471 4134 facta
490 4070 643 4158 pactione
668 4093 744 4132 cum
762 4070 920 4132 Heinrico
935 4070 1087 4156 principe
1106 4071 1349 4137 Transrenensi
1373 4076 1503 4140 Laudu-

384 4197 466 4236 num
480 4168 590 4244 rediit,
613 4172 830 4257 postmodum
847 4195 926 4235 vero
947 4196 1063 4258 paoem
1082 4196 1159 4237 cum
1181 4196 1220 4236 eo
1237 4173 1400 4242 firmavit.
1419 4178 1504 4242 Nor-

383 4276 498 4339 manni
513 4275 611 4337 lidem
637 4274 763 4338 Christi
784 4283 1004 4360 susceperunt
1026 4283 1167 4359 cogente
1187 4275 1337 4342 Roberto
1359 4282 1500 4361 comite;

383 4380 444 4441 hoc
465 4378 565 4441 etiam
586 4400 673 4439 anno
694 4376 879 4439 llichardus
899 4376 1109 4441 lustitia1·ius
1126 4377 1220 4441 obiit.
