3800 5642
398 682 461 746 210
869 714 1057 758 Arruuorcns

396 827 484 891 inter
510 827 680 892 Othonem
707 837 739 893 et
762 831 775 895 Ι
798 854 899 897 caros
928 835 962 898 in
980 860 1047 922 quo
1065 837 1147 902 victi
1169 845 1250 901 sunt
1276 838 1386 924 Ungri
1410 839 1532 908 hidus

398 931 545 1023 Augusti
572 931 652 993 anni
679 941 870 1019 sequentrs;
896 937 929 999 in
953 961 1019 1024 quo
1041 940 1129 1003 bello
1151 939 1328 1003 Conradus
1353 940 1423 1003 dux
1445 941 1531 1006 obiit

267 1046 365 1094 chron.
393 1044 463 1132 jam
493 1059 569 1100 cum
596 1058 634 1099 eo
661 1035 869 1121 pacificatus
903 1039 1096 1105 Ludovicus
1123 1042 1237 1128 itaque
1266 1042 1440 1128 praefatus
1471 1067 1529 1108 rex

281 1151 344 1198 Div.
398 1147 604 1209 Francorum
640 1136 758 1200 eodem
789 1162 876 1202 anno
907 1143 1065 1218 moriens,
1097 1143 1184 1206 duos
1224 1144 1356 1208 dimisit
1400 1144 1529 1209 liberos

394 1243 591 1310 Lotharium
626 1247 658 1302 et
693 1238 863 1320 Carolum,
894 1267 980 1330 qnos
1004 1246 1123 1330 genuit
1155 1245 1186 1309 ei
1221 1245 1396 1332 Gerberga
1434 1271 1529 1311 soror

396 1346 540 1414 Othonis
560 1343 784 1427 imperatoris.

439 1449 582 1513 Karolus
602 1445 659 1530 qui
677 1444 814 1528 juvenis
839 1447 950 1512 dictus
969 1457 1031 1528 est,
1052 1450 1203 1534 privatus
1222 1451 1355 1530 senuit3
1380 1451 1413 1513 in
1429 1451 1524 1514 here-

272 1607 334 1653 Ann
451 1559 540 1614 atem
561 1569 696 1611 omnem
721 1548 898 1612 Lotharius
923 1552 1097 1616 successit.
1118 1552 1180 1615 Hic
1202 1552 1403 1616 Mathildem
1431 1576 1524 1617 soro-

234 1691 301 1738 page
322 1644 374 1726 15'9
400 1679 471 1719 rem
489 1677 585 1717 suam
606 1650 784 1734 despondit
805 1650 961 1716 Conrado
979 1653 1049 1738 regi
1069 1654 1284 1739 Burgundine
1306 1664 1339 1720 et
1356 1656 1392 1718 in
1409 1655 1522 1720 dotem

395 1758 488 1821 dedit
512 1756 542 1817 ei
566 1753 782 1837 Lugdunum,
808 1777 892 1840 quae
918 1757 981 1819 sita
1005 1764 1057 1819 est
1082 1757 1116 1818 in
1142 1757 1287 1819 termino
1316 1758 1412 1843 regni
1442 1757 1523 1820 Bur·

395 1859 551 1945 gundiae,
579 1864 612 1919 et
636 1864 707 1918 erat
726 1864 806 1919 tunc
829 1858 992 1942 temporis
1004 1859 1092 1945 juris
1110 1859 1206 1944 regni
1229 1858 1449 1922 Francorum.
1475 1861 1521 1923 De

394 1963 456 2025 hac
472 1958 637 2025 Mathilde
653 1958 788 2044 genitus
805 1966 856 2021 est
871 1959 1038 2023 Rodulsus
1052 1984 1107 2023 rex
1126 1961 1355 2045 Burgundiae,
1374 1962 1433 2047 qui
1447 1969 1521 2049 post

394 2071 522 2150 patrem
536 2084 632 2123 suum
652 2059 845 2123 Conradum
861 2063 1009 2147 suscepit
1022 2061 1236 2146 Burgundiae
1250 2085 1407 2149 regnum,
1424 2064 1520 2127 Berta

394 2167 494 2230 etiam
515 2187 615 2250 quam
638 2162 768 2248 accepit
790 2161 863 2226 Odo
885 2162 1039 2227 Tetbaldi
1062 2164 1280 2228 Carnotensis
1300 2165 1404 2242 filius,
1426 2166 1520 2252 cujus

393 2289 581 2352 cognomen
621 2265 685 2327 fuit
716 2265 876 2345 Tricator,
928 2266 986 2351 qui
1025 2265 1239 2330 Willelmum
1283 2266 1518 2330 Normannum

393 2369 470 2431 dolo
486 2367 670 2443 interfecit3
688 2390 729 2429 ex
743 2390 856 2430 sorore
874 2368 1042 2431 Heriberti
1058 2370 1240 2432 Trecorum
1253 2369 1389 2432 comitis
1404 2370 1519 2454 genuit

392 2471 481 2534 hunc
510 2471 661 2534 Odonem
691 2470 747 2556 qui
775 2471 909 2532 Bertam
938 2472 1079 2555 accepit,
1102 2494 1143 2534 ex
1161 2494 1227 2557 qua
1252 2477 1353 2534 natus
1379 2478 1432 2535 est
1448 2470 1519 2535 Odo

392 2575 449 2659 qui
477 2573 566 2658 apud
593 2573 735 2634 Barrum
756 2570 849 2634 obiit.
877 2573 919 2635 Et
939 2574 980 2636 de
1009 2574 1127 2636 eadem
1148 2573 1313 2636 Mathilde
1333 2574 1448 2659 genita
1471 2582 1519 2637 θεῖ

392 2674 499 2745 Gisla,
525 2697 626 2760 quam
657 2673 833 2738 Conradus
859 2673 1045 2760 imperator
1065 2675 1285 2760 postmodum
1313 2675 1412 2739 duxit
1439 2699 1518 2739 uxo-

391 2799 473 2851 rem,
492 2776 532 2838 de
549 2798 613 2861 qua
630 2775 748 2861 genuit
767 2771 905 2838 tertium
923 2777 1120 2840 Heinricum
1136 2777 1375 2864 imperatorem
1391 2798 1398 2853 ;
1418 2801 1517 2864 quem

391 2877 559 2940 flodulfus
591 2900 660 2953 rex,
696 2876 791 2961 cujus
825 2875 888 2940 fuit
925 2902 1011 2941 uxor
1046 2878 1299 2965 Ermengardis‚
1335 2879 1414 2966 quia
1451 2887 1519 2943 erat

390 2979 518 3067 absque
531 2978 661 3056 liberis
675 2985 711 3042 ut
724 2988 882 3065 nepotem
898 3004 1008 3057 suum,
1022 2981 1179 3044 heredem
1189 2981 1284 3067 regni
1300 2981 1517 3068 Burgundiae

390 3083 549 3162 instituit,
571 3090 604 3146 et
623 3082 670 3144 sic
688 3082 722 3143 in
739 3081 1004 3146 dominationem
1025 3083 1263 3168 imperatorem
1279 3083 1417 3147 transiit
1434 3084 1516 3146 Bur-

390 3185 535 3268 gundiae
554 3207 709 3271 regnum.

434 3290 535 3350 Anno
557 3288 670 3374 itaque
696 3285 738 3350 ab
762 3287 828 3350 inc.
853 3286 952 3350 Dom.
978 3286 1055 3360 956,
1075 3287 1175 3372 Hugo
1202 3287 1349 3373 Magnus
1364 3286 1462 3362 obiit,
1484 3294 1516 3351 et

387 3391 548 3454 ducatum
578 3389 738 3453 Franciae
769 3388 869 3472 Hugo
917 3389 1004 3451 tilius
1045 3388 1118 3474 ejus
1158 3389 1316 3475 optinuit.
1347 3389 1515 3454 Robertus

386 3516 520 3580 quoque
541 3491 750 3555 Trevirensis
771 3491 950 3576 episcopus
966 3489 1049 3553 obiit
1071 3491 1263 3576 pestilentia
1280 3499 1314 3554 et
1332 3491 1514 3556 Fulbertus

385 3594 651 3666 Cameracensis,
671 3601 703 3656 et
719 3592 875 3656 Hairicus
891 3592 1053 3657 succedit.
1068 3592 1159 3657 Otho
1177 3601 1254 3678 post
1268 3592 1330 3656 hec
1344 3591 1514 3658 Sarmatas

385 3696 590 3761 bellovicit.
630 3773 637 3785 ‘

423 3800 529 3885 Anno
550 3821 629 3860 vcro
651 3796 728 3876 961,
749 3797 838 3861 Otho
858 3798 1019 3884 puerulus
1040 3797 1075 3860 in
1100 3820 1213 3884 regem
1229 3796 1386 3861 elevatus
1401 3805 1465 3879 est,
1483 3804 1514 3862 et

384 3900 473 3965 Otho
493 3908 587 3985 pater
609 3899 681 3984 ejus
701 3922 789 3962 anno
811 3900 965 3985 sequenti
986 3900 1127 3962 Romam
1154 3900 1307 3978 veniens,
1330 3900 1513 3987 imperator

382 4002 424 4067 ab
443 4002 630 4067 Octaviano
648 4024 734 4087 papa
750 4002 956 4064 constitutus
972 4009 1034 4064 est.
1053 4001 1180 4064 Eodem
1195 4024 1284 4064 anno
1295 4000 1382 4065 obiit
1399 4002 1512 4066 Artol-

383 4105 446 4169 dus
468 4104 645 4186 Remensis
665 4104 855 4190 episcopus,
876 4113 909 4167 et
925 4103 1093 4167 celebrata
1117 4110 1170 4167 est
1189 4104 1342 4188 synodus
1365 4104 1399 4166 in
1427 4127 1511 4191 pago

384 4207 550 4271 Meldensi
569 4227 670 4291 super
687 4205 877 4268 Maternam
896 4205 1049 4283 fluvium,
1071 4205 1130 4268 ubi
1150 4204 1327 4269 ordinatus
1346 4214 1399 4270 est
1415 4206 1510 4291 Wig-

383 4308 498 4372 fredus
514 4307 738 4370 Virdunensis
756 4307 946 4392 episcopus,
963 4306 1093 4371 vivente
1112 4307 1222 4370 adhuc
1241 4307 1368 4370 domno
1390 4307 1510 4371 Beren-

383 4411 475 4496 gerio
500 4409 706 4472 Virdunensi
731 4409 889 4495 episcopo
916 4417 949 4472 et
977 4410 1091 4472 sedem
1116 4408 1332 4495 episcopatus
1357 4415 1506 4474 tenente.

384 4513 568 4577 Ordinatus
593 4519 644 4575 θεῖ
669 4518 782 4574 autem
808 4509 850 4573 ab
875 4511 923 4574 eis
947 4512 1077 4597 absque
1102 4511 1308 4575 conscientia
1337 4519 1508 4600 metropo-
