3800 5642
854 717 1041 761 arrerorcas
1443 698 1506 762 203

429 839 511 903 Erat
546 839 635 902 enim
673 863 811 926 corpore
849 848 975 910 castus
1014 847 1127 903 mente
1168 840 1323 920 devotus,
1362 839 1508 903 affabilis

384 941 545 1028 alloquio,
567 941 678 1006 clarus
695 943 848 1021 consilio,
875 941 1054 1027 prudentia
1074 943 1259 1029 praeditus,
1282 942 1505 1028 temperantia

385 1042 561 1124 discretus,
600 1044 731 1109 interna
772 1044 969 1109 fortitudine
1010 1046 1138 1123 summ,
1182 1068 1323 1108 censura
1354 1046 1508 1131 justitiae

386 1145 531 1225 stabilis,
554 1147 810 1232 longanimitate
832 1149 1000 1232 assiduus,
1021 1148 1180 1236 patientia
1205 1146 1375 1233 robustus,
1398 1147 1509 1209 humi-

386 1248 479 1311 litate
515 1257 725 1327 mansuetus
764 1273 841 1334 erga
878 1251 1114 1340 delinquentes
1146 1274 1205 1338 per
1238 1248 1508 1334 compassionem

385 1346 508 1424 socius
524 1369 583 1432 per
602 1347 709 1410 zelum
728 1349 939 1412 rectitudinis
962 1360 1105 1415 erectus.
1126 1347 1322 1435 Apparebat
1341 1347 1375 1408 in
1393 1345 1507 1410 verbis

386 1452 458 1537 ejus
473 1452 671 1517 inconcussa
688 1457 811 1518 mentis
827 1458 1030 1538 constantia,
1049 1454 1313 1542 resplendebant
1329 1454 1361 1515 in
1380 1453 1510 1516 actibus

387 1561 421 1617 et
437 1554 589 1618 moribus
604 1555 675 1639 ejus
691 1558 854 1621 virtutum
872 1558 1019 1642 insigna,

433 1654 600 1720 Omnibus
624 1658 762 1745 hospitii
791 1660 983 1747 perlargum
1009 1661 1161 1749 praebuit
1180 1682 1292 1737 usum,

433 1758 541 1821 Nemo
560 1766 611 1823 est
640 1769 813 1847 exceptus⁷
835 1760 1018 1850 perpessus
1039 1787 1137 1827 nemo
1163 1760 1344 1847 repulsam.

433 1864 607 1929 Christum
627 1868 709 1931 totis
729 1869 915 1932 visceribus
945 1871 1103 1957 diligens
1124 1877 1158 1933 et
1182 1868 1332 1932 caritatis
1359 1867 1511 1930 internae

388 1965 573 2031 visceribus
588 1970 740 2049 adluens
769 1994 830 2057 pro
850 1973 1052 2058 pauperihus
1082 1994 1214 2057 semper
1234 1978 1305 2032 erat
1327 1968 1507 2046 sollicitus,

387 2079 420 2136 et
436 2073 515 2160 quia
525 2075 611 2139 sicut
629 2076 762 2140 Martha
774 2079 910 2147 Christo
921 2079 1107 2166 corporalia
1120 2076 1378 2141 subministrare
1391 2075 1507 2162 nequi·
1590 2069 1597 2080 ⁸

389 2175 458 2253 bat,
487 2175 520 2238 in
549 2178 665 2263 egenis
694 2180 791 2243 illum
818 2182 939 2245 cotidie
972 2180 1153 2245 retieiehat.
1188 2179 1305 2243 Sermo
1341 2176 1413 2264 ejus
1442 2176 1511 2240 sale

388 2278 558 2359 conditus,
569 2303 636 2366 quo
653 2282 799 2367 pondere
815 2283 927 2347 brevis
943 2292 977 2347 et
994 2308 1100 2361 raruS,
1113 2306 1151 2345 eo
1169 2280 1325 2369 prudenti
1344 2279 1511 2343 suavitate

391 2379 577 2445 habebatur
587 2384 770 2468 preciosus.
787 2385 956 2471 Diligebat
971 2386 1098 2449 sincera
1115 2392 1148 2448 et
1161 2382 1312 2446 unanimi
1324 2381 1514 2444 dilectionis

390 2483 513 2547 ellectu
527 2484 615 2549 inter
625 2486 689 2549 alia
702 2488 852 2551 membra
867 2489 993 2551 Christi
1008 2489 1170 2551 domnum
1187 2485 1383 2568 Fulbertum
1396 2484 1515 2547 Came-

392 2607 562 2649 racensem
574 2588 781 2674 episcopum,
795 2613 871 2653 cum
884 2614 951 2675 quo
959 2591 1041 2678 juge
1051 2590 1114 2653 sibi
1132 2612 1200 2651 sem
1206 2612 1264 2675 per
1275 2588 1337 2650 luit
1349 2586 1511 2656 studium,

391 2687 544 2751 veritatis
560 2690 771 2754 adversarios
789 2699 859 2755 toto
878 2693 954 2755 nisu
967 2692 1177 2778 impugnare,
1191 2699 1228 2754 ut
1244 2690 1276 2751 in
1294 2687 1515 2775 sequentibus

391 2789 532 2878 quilibet
553 2800 664 2877 potest
682 2794 869 2858 advertere.
897 2794 974 2857 Fuit
994 2802 1108 2857 autem
1129 2800 1279 2879 tempore
1297 2790 1454 2867 Othonis,
1475 2789 1516 2851 de

335 2926 371 2975 ep.
390 2914 457 2976 quo
479 2893 688 2971 dictumest,
708 2897 797 2983 quod
821 2896 863 2958 ad
883 2896 1095 2982 triumphum
1114 2894 1274 2958 ecclesiae
1295 2892 1406 2978 coepit
1427 2891 1516 2955 Otho

333 2988 352 3034 l·
393 3016 558 3068 creseere,
593 2997 646 3060 cui
674 2998 838 3065 successit
869 2997 1038 3061 secundus
1068 2998 1157 3060 Otho
1185 2997 1225 3059 ad
1253 2996 1448 3081 imperium,
1481 3000 1518 3055 ut

393 3096 526 3161 lloreret
545 3100 729 3164 saeculum.

347 3261 351 3270 ,
440 3202 540 3262 Arrno
574 3202 647 3295 ipso
690 3202 913 3265 ordinationis
952 3225 1031 3265 suae
1064 3199 1170 3262 fmnes
1216 3198 1376 3285 iniquatis
1417 3196 1517 3280 llugo

395 3308 540 3391 Magnus
558 3329 633 3369 cum
654 3304 856 3392 quibusdam
877 3305 1036 3367 Franciae
1057 3310 1090 3367 et
1116 3301 1329 3386 llurgundiae
1350 3299 1517 3385 episcopis

395 3417 427 3471 et
450 3408 652 3495 primoribus
674 3406 766 3488 regni
790 3409 970 3470 llemorum
991 3406 1123 3468 obsidet
1141 3404 1281 3477 urbcm;
1301 3425 1364 3489 qua
1380 3401 1517 3464 obtenta

378 3519 490 3575 sexto
506 3510 692 3580 obsidionis
712 3510 764 3573 die
783 3509 963 3572 hrtoldum
984 3508 1178 3595 episcopum
1200 3532 1217 3567 a
1234 3505 1467 3591 procuratione
1486 3509 1519 3565 et

396 3620 560 3699 potestate
572 3612 934 3699 episcopiijuramento
946 3634 981 3673 se
998 3609 1161 3695 corripulit
1177 3607 1343 3671 abdicare.
1358 3628 1518 3668 concessa

396 3716 425 3777 ei
452 3715 584 3781 abbatia
605 3715 720 3779 Sancti
756 3714 866 3778 llasoli
892 3721 925 3775 ct
955 3714 1138 3775 Avennaeo
1165 3708 1380 3781 monasterio,
1410 3716 1442 3770 et
1472 3707 1519 3769 sic

399 3817 513 3883 relicto
538 3816 606 3880 lilio
632 3816 801 3879 Heriberti
829 3816 973 3900 Ilugone
991 3813 1195 3901 jampridem
1225 3811 1337 3874 llemis
1369 3811 1411 3873 ad
1431 3809 1520 3896 epis-
1562 3894 1566 3897 ἢ

397 3927 552 4007 copatum
569 3920 687 3999 electo,
705 3917 747 3981 ad
759 3918 970 3980 obsidionem
991 3915 1143 3979 Lauduui
1163 3921 1329 4001 properat.
1348 3912 1520 3975 Ludovieo

397 4045 516 4112 veroa
548 4019 743 4105 Burgundio
769 4020 941 4090 redeunte,
975 4027 1007 4082 et
1034 4024 1209 4102 assumpto
1236 4039 1349 4078 secum
1376 4015 1519 4077 Artoldo

397 4124 566 4217 episcopm
602 4121 745 4186 transito
787 4126 906 4185 Axona
945 4121 1047 4182 llurio
1094 4119 1294 4182 laudunum
1347 4116 1517 4193 tendente,

397 4227 495 4311 Hugo
525 4247 604 4287 cum
645 4225 727 4300 suis,
766 4224 882 4286 relicta
912 4222 1099 4299 obsidione,
1138 4220 1264 4285 Othoni
1290 4219 1359 4303 regi
1385 4218 1519 4280 obviam

396 4327 664 4414 proficiscuntur,
687 4326 766 4389 etei
785 4348 820 4388 se
836 4325 1066 4387 committunt.
1086 4322 1150 4398 Qui
1169 4321 1328 4384 llcinrico
1347 4320 1440 4382 l'ratri
1460 4342 1520 4381 suo

396 4452 536 4519 regnum
557 4428 778 4518 Lothariense
798 4427 1017 4490 committeus
1036 4448 1111 4488 cum
1133 4424 1343 4486 diversarum
1366 4419 1519 4505 gentium
