3800 5642
851 687 1040 730 Arrnnnrcns
1441 670 1501 733 211

384 806 492 888 litam,
524 829 563 870 eo
591 807 680 893 quod
714 807 839 871 domno
874 809 1076 894 Berengerio
1111 809 1376 885 inimicarentur,
1416 812 1507 898 quod

384 909 537 972 conciliis
563 932 680 973 eorum
703 910 868 974 interesse
891 911 997 981 nollet
1017 918 1051 974 et
1079 910 1245 996 quaedam
1272 935 1388 975 eorum
1420 913 1508 977 lacta

384 1009 608 1097 improbaret;
641 1013 730 1075 unde
754 1013 844 1076 nacti
869 1014 1079 1077 occasionem
1109 1036 1185 1076 cum
1220 1014 1430 1079 incumberet
1459 1016 1507 1078 eis

384 1113 552 1177 ordinatio
567 1114 745 1178 Remensis
760 1115 954 1189 aecclesiae,
971 1115 1066 1201 cujus
1081 1122 1176 1178 erant
1192 1116 1407 1201 suffraganei,
1421 1117 1508 1180 ordi-

384 1223 552 1280 naverunt
573 1222 606 1279 et
630 1217 731 1297 hunc,
758 1225 796 1281 ut
823 1218 986 1281 haberent
1019 1241 1094 1280 cum
1122 1217 1342 1282 conciliorum
1370 1242 1508 1282 suorum

384 1326 576 1381 consortem
605 1325 639 1382 et
660 1319 772 1406 operis
790 1320 999 1405 participem,
1018 1320 1114 1406 quasi
1134 1320 1191 1406 qui
1216 1320 1313 1383 illum
1333 1321 1392 1408 qui
1410 1345 1509 1407 prae-

344 1453 347 1457 *
384 1417 518 1483 sidebat
543 1443 601 1505 pro
628 1420 722 1483 nullo
746 1420 920 1492 haberent,
947 1445 1049 1508 quem
1073 1421 1138 1484 sibi
1165 1422 1197 1484 in
1223 1422 1318 1485 nullo
1348 1423 1510 1489 videbant

385 1521 565 1588 adclinem.
588 1522 752 1608 Abjectus
772 1531 824 1586 est
844 1525 946 1587 etiam
967 1523 1012 1587 ibi
1032 1524 1131 1606 Hugo
1150 1524 1328 1587 Remensis
1349 1549 1509 1613 pervasor

385 1647 402 1687 a
431 1625 582 1688 Romana
603 1625 735 1711 synodo
759 1626 1085 1706 excommunicatus
1112 1633 1145 1690 et
1175 1626 1350 1691 Odelricus
1378 1628 1508 1692 inthro-

384 1727 515 1791 nizatus
552 1751 572 1791 a
609 1728 757 1791 Widone
796 1728 1044 1807 Suessionensi,
1074 1728 1237 1792 Roricone
1278 1730 1507 1808 Laudunensi,

386 1828 534 1892 Gibuino
572 1829 828 1909 Catalaunensi,
874 1830 1052 1917 Wiglredo
1095 1831 1316 1905 Virdunensi,
1359 1831 1510 1895 Aistullo

387 1930 620 1995 Noviomensi.
640 1932 847 1997 Octavianus
864 1939 975 1996 autem
988 1955 1085 2019 papa,
1100 1956 1176 1996 cum
1196 1932 1236 1995 de
1252 1933 1510 2019 inreligiositate

385 2033 590 2120 culparetur,
617 2057 647 2097 a.
693 2033 757 2099 962
803 2034 945 2099 Romam
988 2034 1081 2114 exiit,
1124 2044 1157 2098 et
1205 2034 1238 2097 in
1286 2034 1397 2098 locum
1438 2036 1510 2122 ejus

385 2136 558 2201 lohannes
576 2136 638 2200 XlI
660 2137 868 2200 substitutus
883 2146 947 2200 est.
970 2138 1094 2200 Verum
1114 2136 1247 2201 Othone
1272 2138 1474 2223 imperatore
1491 2162 1508 2201 a

387 2238 495 2302 Roma
518 2262 683 2326 regresSO‚
709 2238 932 2303 Octavianum
961 2240 1104 2302 Romani
1128 2247 1337 2325 receperunt,
1364 2240 1422 2327 qui
1441 2263 1510 2303 non

356 2342 359 2347 ’
386 2341 495 2404 multo
514 2349 591 2427 post
615 2340 794 2405 defunctus
823 2350 885 2406 est.
905 2343 1078 2406 lohannes
1101 2365 1179 2405 vero
1208 2364 1284 2405 cum
1310 2342 1511 2427 imperatore

353 2438 356 2441 ⁴
388 2445 528 2531 Papiam
552 2444 656 2508 venit.
678 2444 817 2508 Interim
839 2444 983 2507 Romani
1004 2443 1225 2508 Benedictum
1249 2443 1434 2529 elegerunt,
1453 2444 1510 2531 qui

386 2546 543 2611 electioni
559 2546 724 2611 lobannis
741 2555 958 2610 consenserat
971 2554 1004 2610 et
1021 2547 1051 2609 ei
1066 2570 1199 2633 semper
1213 2546 1369 2609 subditus
1384 2546 1506 2611 luerat.

386 2649 452 2713 Sed
473 2648 562 2713 Otho
584 2649 727 2712 Romam
751 2671 908 2712 reversus
929 2648 1120 2713 Johannem
1140 2649 1267 2735 judicio
1295 2648 1451 2734 synodali
1475 2649 1510 2711 in

386 2752 465 2815 sede
476 2751 1288 2838 restituit,Benedictumver0‚quiapatriscubile
1299 2750 1508 2827 ascenderat,

387 2854 579 2940 depositum
597 2853 630 2916 in
649 2853 830 2917 Saxoniam
852 2876 967 2916 secum
988 2853 1095 2916 duxit.

924 3383 970 3446 VI

391 3554 591 3621 EXTRAIT
609 3555 667 3619 DE
685 3553 868 3620 HUGUES
886 3551 945 3615 DE
967 3550 1161 3630 FLEURY,
1175 3546 1513 3613 MODERNORUM

611 3688 782 3751 REGUM
799 3683 1098 3749 FRANCORUM
1116 3682 1270 3771 news
1280 3682 1303 3746 ¹.

434 3872 507 3935 Rex
539 3893 672 3958 quoque
710 3869 855 3932 Karolus
898 3874 1037 3954 pontem
1071 3866 1174 3929 mirae
1208 3864 1380 3928 firmitatis
1411 3885 1513 3949 super

391 3974 581 4062 Sequanam
601 3972 710 4036 extrui
727 3971 817 4050 lecit,
838 3970 960 4056 positis
977 3970 1012 4032 in
1029 3968 1181 4055 utrisque
1202 3966 1371 4053 capitibus
1388 3966 1512 4030 castel-

390 4077 432 4141 lis
447 4076 626 4141 artificiose
643 4073 805 4155 fundatis,
822 4071 880 4136 ubi
894 4071 1040 4158 presidia
1056 4069 1246 4135 collocavit.
1261 4068 1392 4147 Quibus
1401 4074 1514 4154 patra-

392 4177 447 4257 tis,
467 4178 643 4242 materiam
662 4176 787 4263 quietis
804 4174 965 4260 arripuit;
984 4180 1017 4236 et
1028 4172 1100 4236 ocio
1116 4172 1310 4257 desidiaque
1326 4169 1510 4250 resolutuS,

421 4459 445 4503 1.
470 4454 546 4502 Nous
560 4453 673 4501 suivons
686 4451 808 4499 l‘edition
819 4450 911 4497 Waitz
925 4448 1004 4511 (Mon.
1020 4447 1108 4495 Germ.
1120 4446 1193 4506 hist,
1203 4445 1270 4504 Ser,
1283 4448 1302 4493 t.
1317 4444 1364 4504 IX,
1373 4458 1454 4506 pagcs
1468 4448 1511 4491 381

396 4516 513 4579 etsuiv.)
525 4530 559 4563 en
572 4531 590 4578 y
603 4514 702 4562 faisant
713 4512 925 4561 lescorrections
933 4511 1108 4559 necessaires.
