3800 5642
858 677 1048 722 APPENDIOES
1457 657 1520 722 189

394 819 458 883 pus
473 794 632 860 deserens
651 796 852 861 coenobium
879 798 994 863 Sancti
1017 798 1142 878 basoli,
1167 798 1210 862 ad
1238 798 1384 863 eundem
1408 822 1522 885 regem

393 897 619 985 proficiscitur
649 921 727 962 cum
763 899 966 985 quibusdam
1000 900 1198 987 propinquis
1229 900 1312 980 suiS,
1344 924 1363 965 a
1399 902 1523 990 quibus

394 999 557 1064 ecclesiae
577 999 730 1065 benificia
752 1024 837 1087 quae
865 1002 1026 1067 tenebant
1050 1002 1250 1066 Heribertus
1273 1026 1386 1067 comes
1408 1003 1523 1068 abstu-

394 1102 491 1166 lerat.
519 1103 603 1166 Mihi
624 1125 759 1189 quoque
779 1102 957 1168 ecclesiam
975 1104 1188 1170 Culmissiaci
1202 1104 1268 1168 vici
1288 1105 1429 1170 abstulit
1447 1129 1523 1169 cum

395 1210 484 1268 terra
505 1203 671 1285 beneficii,
696 1227 798 1291 quam
814 1213 895 1270 tunc
914 1206 1079 1293 temporis
1094 1207 1264 1272 tenebam.
1288 1207 1361 1293 Ego
1377 1208 1523 1293 denique

395 1306 591 1392 disponens,
603 1308 765 1371 orationis
775 1308 895 1394 gratia,
906 1309 1124 1396 sepulchrum
1134 1309 1243 1372 visere
1250 1309 1359 1373 sancti
1371 1310 1521 1391 Martini,

395 1414 546 1471 retentus
561 1432 637 1473 sum
652 1409 694 1473 ab
714 1409 800 1495 ipso,
819 1410 907 1474 clam
923 1433 977 1475 me
997 1410 1200 1497 quibusdam
1214 1412 1368 1498 personis
1381 1412 1524 1476 insimu-

395 1509 544 1574 lantibus
563 1512 653 1599 apud
677 1535 767 1593 eum,
790 1513 881 1600 quod
901 1513 954 1576 sui
980 1536 1080 1577 causa
1098 1514 1293 1578 nocumenti
1316 1514 1370 1577 vel
1395 1514 1456 1578 filii
1472 1514 1525 1578 sui

395 1612 518 1675 vellem
535 1613 702 1699 proficisci
723 1622 755 1678 et
781 1616 858 1702 quia
876 1615 1075 1679 renutabam
1098 1638 1152 1679 me
1178 1615 1256 1680 huic
1277 1615 1384 1679 electo
1408 1623 1525 1692 nostro

397 1715 620 1796 committere,
658 1717 811 1781 nesciens
842 1725 956 1782 utrum
984 1719 1054 1783 Deo
1081 1717 1229 1804 placeret
1253 1740 1329 1781 eum
1355 1717 1526 1805 presulem

397 1824 550 1887 nostrum
566 1816 650 1882 fore.
668 1818 792 1906 Sicque
811 1820 923 1906 plenis
935 1820 1085 1906 quinque
1103 1818 1277 1883 mensibus
1296 1819 1386 1906 apud
1405 1819 1526 1884 fratres

400 1925 547 2000 nostros,
572 1920 647 2007 ipso
671 1921 795 1985 comite
814 1921 966 2008 jubente,
997 1921 1059 1986 sub
1085 1921 1237 1986 custodia
1267 1922 1389 2008 partim
1421 1922 1526 1987 libera

398 2041 473 2083 sum
494 2023 665 2087 detentus.

349 2158 383 2205 es,
442 2122 594 2211 Contigit
617 2132 732 2190 autem
767 2126 862 2206 mihi,
892 2125 1029 2190 domina
1051 2148 1124 2189 mea
1151 2126 1248 2189 beata
1269 2126 1332 2190 Dei
1364 2126 1527 2213 genitrice

349 2226 647 2317 ,ffi'intercedente
671 2235 711 2292 ut
734 2227 805 2314 ipsa
832 2227 885 2292 die
903 2228 1135 2313 conceptionis
1155 2234 1189 2291 et
1208 2227 1377 2315 passionis
1398 2228 1527 2291 domini

399 2330 505 2396 nostri
517 2330 599 2407 Jesu
618 2329 745 2395 Christi
764 2329 959 2394 absolverer
980 2353 998 2393 a
1017 2330 1181 2409 custodia,
1205 2337 1237 2393 et
1255 2330 1309 2393 die
1328 2330 1441 2410 tertia,
1462 2330 1527 2394 sci-

398 2434 477 2498 licet
500 2454 534 2496 vr
555 2431 636 2495 Kal·
658 2432 799 2519 Aprilis,
829 2455 895 2518 qua
918 2433 1086 2496 Dominus
1111 2455 1128 2495 3
1156 2432 1299 2495 mortuis
1325 2432 1523 2511 resurrexit,

399 2557 555 2622 egressus
576 2535 737 2620 ipsecum
755 2534 884 2622 prelato
898 2534 1006 2598 electo
1023 2542 1138 2598 nostro
1154 2534 1196 2597 ad
1219 2532 1337 2597 urbem
1350 2534 1526 2598 Suessoni-

399 2634 649 2723 camprofectus
658 2658 745 2701 sum
757 2636 822 2701 Ubi
831 2644 1034 2700 convenren
1037 2660 1072 2700 es
1084 2636 1233 2722 episcopi
1225 2635 1344 2721 hujus
1353 2636 1527 2700 dioceseos

399 2762 476 2804 cum
502 2737 709 2824 principibus
728 2738 872 2823 Hugone
893 2762 930 2802 ac
955 2738 1133 2802 Heriberto
1139 2744 1359 2818 tractarunt
1375 2738 1506 2824 quid
1479 2761 1528 2802 ers

399 2864 471 2906 esse
475 2838 675 2927 tegendum
689 2863 790 2926 super
803 2839 987 2927 episcopali
1003 2840 1104 2926 hujus
1117 2791 1271 2926 llugonis
1291 2839 1524 2920 ordinatione,

400 2944 515 3031 sicque
535 2941 768 3023 decreverunt,
796 2942 994 3028 petentibus
1017 2941 1219 3028 quibusdam
1254 2942 1334 3005 filiis
1367 2942 1528 3014 ecclesiae

401 3044 592 3124 Remcnsis,
606 3051 678 3107 tam
696 3043 826 3108 clericis
839 3067 941 3131 quam
957 3044 1064 3123 laicis,
1081 3068 1158 3108 eum
1175 3044 1411 3122 ordinandum,
1435 3052 1529 3107 asse·

402 3147 552 3213 rentibus
572 3145 759 3210 fautoribus
779 3146 898 3233 ipsine,
917 3145 1008 3233 quod
1028 3144 1192 3210 Artoldus
1213 3167 1424 3232 nequaquam
1441 3146 1528 3231 elec·

403 3259 468 3330 tus,
487 3248 546 3313 sed
575 3272 635 3335 per
648 3247 845 3330 violentiam
867 3248 968 3312 fuerit
990 3248 1220 3327 intromissus
1241 3268 1381 3332 seseque
1402 3247 1529 3332 episco-

402 3352 469 3439 pali
490 3350 698 3415 abdicaverit
722 3350 861 3415 ditione.
892 3350 943 3415 lbi
969 3374 1049 3438 ergo
1072 3350 1173 3435 llugo
1195 3349 1352 3436 princeps
1374 3356 1455 3412 tunc
1475 3371 1529 3412 me

403 3477 459 3541 per
477 3476 616 3517 manum
640 3452 822 3538 accipienS,
846 3454 923 3517 huic
947 3452 1086 3540 Hugoni
1110 3451 1225 3538 nepoti
1251 3474 1311 3514 suo
1338 3450 1379 3514 ad
1397 3449 1530 3513 benefa-

403 3556 559 3621 ciendum
578 3554 767 3634 commisit;
793 3556 919 3643 quique
944 3555 1027 3619 mihi
1052 3554 1229 3618 ecclesiam
1251 3552 1374 3616 Santae
1403 3553 1530 3616 Mariae

404 3658 496 3723 dedit
506 3657 542 3721 in
552 3656 688 3723 Colrido
703 3657 816 3736 sitam,
829 3664 955 3721 terram
971 3680 1104 3745 quoque
1120 3678 1222 3742 quam
1239 3661 1334 3741 pater
1347 3678 1429 3718 suus
1447 3653 1530 3716 mihi

404 3760 589 3825 abstulerat
630 3758 787 3836 reddidit,
827 3768 860 3823 et
895 3758 996 3823 aliam
1035 3760 1070 3821 in
1113 3757 1285 3844 praedicta
1320 3756 1401 3821 villa
1431 3779 1533 3842 supra

405 3862 537 3949 adjecit.

406 4070 474 4137 Lm.
506 4069 565 4150 IV,
596 4091 623 4135 u.
651 4091 745 4134 xxix.
775 4092 813 4134 on
837 4091 932 4133 naris
956 4089 1040 4142 Quin
1064 4089 1212 4133 berneres
1238 4088 1414 4133 consoceri
1440 4088 1531 4130 suar.

448 4254 521 4319 Nec
556 4276 661 4334 mora,
697 4253 763 4317 civi
766 4259 871 4317 tatem
903 4252 1109 4315 Remensem
1152 4274 1171 4314 a
1204 4249 1333 4338 prefato
1298 4253 1534 4313 toconventu

349 4338 528 4469 lg’ltadeun
514 4363 566 4421 tes
583 4356 743 4442 episcopi,
760 4362 914 4443 pretaxat
916 4377 974 4417 um
989 4353 1074 4417 elect
1061 4360 1134 4417 tum
1159 4359 1313 4416 nostrum
1332 4351 1367 4413 in
1392 4350 1533 4414 ecclesia

355 4425 520 4524 81'tSanci
492 4458 693 4544 tRemigii
724 4457 871 4543 dignitat
836 4480 890 4521 ae
857 4456 1109 4521 tsublimant
1137 4452 1424 4541 archiepiscopali.
1462 4451 1532 4517 Sub
