<?xml version="1.0" encoding="UTF-8"?>
<!DOCTYPE html PUBLIC "-//W3C//DTD XHTML 1.0 Transitional//EN"
    "http://www.w3.org/TR/xhtml1/DTD/xhtml1-transitional.dtd">
<html xmlns="http://www.w3.org/1999/xhtml" xml:lang="en" lang="en">
 <head>
  <title>
</title>
<meta http-equiv="Content-Type" content="text/html;charset=utf-8" />
  <meta name='ocr-system' content='tesseract 3.04.00' />
  <meta name='ocr-capabilities' content='ocr_page ocr_carea ocr_par ocr_line ocrx_word'/>
</head>
<body>
  <div class='ocr_page' id='page_1' title='image "./textesrelatifsa00thgoog_0276.png"; bbox 0 0 3800 5642; ppageno 0'>
   <div class='ocr_carea' id='block_1_1' title="bbox 861 709 1509 773">
    <p class='ocr_par' dir='ltr' id='par_1_1' title="bbox 861 709 1509 773">
     <span class='ocr_line' id='line_1_1' title="bbox 861 709 1509 773; baseline 0.002 -3"><span class='ocrx_word' id='word_1_1' title='bbox 861 727 1051 772; x_wconf 76' lang='lat' dir='ltr'>Arrnnnrcus</span> <span class='ocrx_word' id='word_1_2' title='bbox 1447 709 1509 773; x_wconf 79' lang='lat' dir='ltr'>iar</span> 
     </span>
    </p>
   </div>
   <div class='ocr_carea' id='block_1_2' title="bbox 385 848 1602 4607">
    <p class='ocr_par' dir='ltr' id='par_1_2' title="bbox 388 848 1602 1753">
     <span class='ocr_line' id='line_1_2' title="bbox 388 848 1512 936; baseline 0.003 -25"><span class='ocrx_word' id='word_1_3' title='bbox 388 849 440 912; x_wconf 94' lang='lat' dir='ltr'>illi</span> <span class='ocrx_word' id='word_1_4' title='bbox 468 848 761 928; x_wconf 89' lang='lat' dir='ltr'>Lothariensibus,</span> <span class='ocrx_word' id='word_1_5' title='bbox 790 849 1021 936; x_wconf 90' lang='lat' dir='ltr'>suscipiuntur</span> <span class='ocrx_word' id='word_1_6' title='bbox 1048 873 1066 912; x_wconf 89' lang='lat' dir='ltr'>a</span> <span class='ocrx_word' id='word_1_7' title='bbox 1106 850 1260 934; x_wconf 89' lang='lat' dir='ltr'>Wigerio</span> <span class='ocrx_word' id='word_1_8' title='bbox 1289 851 1512 914; x_wconf 90' lang='lat' dir='ltr'>Mettensium</span> 
     </span>
     <span class='ocr_line' id='line_1_3' title="bbox 390 951 1513 1038; baseline 0.002 -24"><span class='ocrx_word' id='word_1_9' title='bbox 390 951 556 1038; x_wconf 81' lang='lat' dir='ltr'>praesule,</span> <span class='ocrx_word' id='word_1_10' title='bbox 575 957 607 1014; x_wconf 91' lang='lat' dir='ltr'>et</span> <span class='ocrx_word' id='word_1_11' title='bbox 625 975 711 1014; x_wconf 87' lang='lat' dir='ltr'>uxor</span> <span class='ocrx_word' id='word_1_12' title='bbox 727 951 798 1038; x_wconf 89' lang='lat' dir='ltr'>ejus</span> <span class='ocrx_word' id='word_1_13' title='bbox 817 953 948 1032; x_wconf 88' lang='lat' dir='ltr'>Emma,</span> <span class='ocrx_word' id='word_1_14' title='bbox 970 952 1061 1037; x_wconf 90' lang='lat' dir='ltr'>regis</span> <span class='ocrx_word' id='word_1_15' title='bbox 1077 952 1217 1016; x_wconf 88' lang='lat' dir='ltr'>Roberti</span> <span class='ocrx_word' id='word_1_16' title='bbox 1240 952 1320 1032; x_wconf 84' lang='lat' dir='ltr'>filia,</span> <span class='ocrx_word' id='word_1_17' title='bbox 1338 954 1474 1018; x_wconf 84' lang='lat' dir='ltr'><strong>interim</strong></span> <span class='ocrx_word' id='word_1_18' title='bbox 1495 977 1513 1017; x_wconf 93' lang='lat' dir='ltr'>a</span> 
     </span>
     <span class='ocr_line' id='line_1_4' title="bbox 389 1053 1514 1143; baseline 0.001 -25"><span class='ocrx_word' id='word_1_19' title='bbox 389 1053 504 1118; x_wconf 84' lang='lat' dir='ltr'>Seullo</span> <span class='ocrx_word' id='word_1_20' title='bbox 523 1061 739 1118; x_wconf 89' lang='lat' dir='ltr'>consecratur</span> <span class='ocrx_word' id='word_1_21' title='bbox 754 1054 880 1139; x_wconf 79' lang='lat' dir='ltr'>regin-a,</span> <span class='ocrx_word' id='word_1_22' title='bbox 910 1054 1076 1118; x_wconf 80' lang='lat' dir='ltr'>Rodulsus</span> <span class='ocrx_word' id='word_1_23' title='bbox 1094 1077 1112 1118; x_wconf 94' lang='lat' dir='ltr'>a</span> <span class='ocrx_word' id='word_1_24' title='bbox 1139 1054 1419 1119; x_wconf 85' lang='lat' dir='ltr'>Lethariensibus</span> <span class='ocrx_word' id='word_1_25' title='bbox 1438 1057 1514 1143; x_wconf 88' lang='lat' dir='ltr'>qui·</span> 
     </span>
     <span class='ocr_line' id='line_1_5' title="bbox 389 1154 1512 1242; baseline 0.003 -24"><span class='ocrx_word' id='word_1_26' title='bbox 389 1154 533 1219; x_wconf 91' lang='lat' dir='ltr'>busdam</span> <span class='ocrx_word' id='word_1_27' title='bbox 551 1155 726 1219; x_wconf 89' lang='lat' dir='ltr'>obsidibus</span> <span class='ocrx_word' id='word_1_28' title='bbox 736 1158 886 1242; x_wconf 89' lang='lat' dir='ltr'>acceptis</span> <span class='ocrx_word' id='word_1_29' title='bbox 904 1157 1095 1220; x_wconf 89' lang='lat' dir='ltr'>revertitur.</span> <span class='ocrx_word' id='word_1_30' title='bbox 1115 1158 1162 1220; x_wconf 86' lang='lat' dir='ltr'>Eo</span> <span class='ocrx_word' id='word_1_31' title='bbox 1180 1180 1268 1220; x_wconf 90' lang='lat' dir='ltr'>anno</span> <span class='ocrx_word' id='word_1_32' title='bbox 1286 1158 1380 1220; x_wconf 90' lang='lat' dir='ltr'>Dado</span> <span class='ocrx_word' id='word_1_33' title='bbox 1392 1159 1512 1221; x_wconf 91' lang='lat' dir='ltr'>Virdu-</span> 
     </span>
     <span class='ocr_line' id='line_1_6' title="bbox 388 1259 1511 1344; baseline 0.004 -24"><span class='ocrx_word' id='word_1_34' title='bbox 388 1259 546 1321; x_wconf 90' lang='lat' dir='ltr'>nensium</span> <span class='ocrx_word' id='word_1_35' title='bbox 567 1259 746 1344; x_wconf 89' lang='lat' dir='ltr'>episcopus</span> <span class='ocrx_word' id='word_1_36' title='bbox 764 1259 848 1322; x_wconf 89' lang='lat' dir='ltr'>obiit</span> <span class='ocrx_word' id='word_1_37' title='bbox 868 1260 995 1323; x_wconf 86' lang='lat' dir='ltr'>exactis</span> <span class='ocrx_word' id='word_1_38' title='bbox 1016 1259 1049 1320; x_wconf 91' lang='lat' dir='ltr'>in</span> <span class='ocrx_word' id='word_1_39' title='bbox 1070 1259 1266 1344; x_wconf 90' lang='lat' dir='ltr'>episcopatu</span> <span class='ocrx_word' id='word_1_40' title='bbox 1284 1259 1326 1322; x_wconf 86' lang='lat'>38</span> <span class='ocrx_word' id='word_1_41' title='bbox 1344 1261 1454 1340; x_wconf 77' lang='lat' dir='ltr'>anniS,</span> <span class='ocrx_word' id='word_1_42' title='bbox 1477 1269 1511 1324; x_wconf 88' lang='lat' dir='ltr'>et</span> 
     </span>
     <span class='ocr_line' id='line_1_7' title="bbox 389 1360 1602 1447; baseline 0.003 -25"><span class='ocrx_word' id='word_1_43' title='bbox 389 1360 476 1423; x_wconf 90' lang='lat' dir='ltr'>inter</span> <span class='ocrx_word' id='word_1_44' title='bbox 510 1360 662 1447; x_wconf 84' lang='lat' dir='ltr'>sepulcra</span> <span class='ocrx_word' id='word_1_45' title='bbox 699 1361 995 1447; x_wconf 88' lang='lat' dir='ltr'>praedecessorum</span> <span class='ocrx_word' id='word_1_46' title='bbox 1030 1384 1168 1423; x_wconf 91' lang='lat' dir='ltr'>suorum</span> <span class='ocrx_word' id='word_1_47' title='bbox 1210 1362 1444 1447; x_wconf 86' lang='lat' dir='ltr'>episcoporum</span> <span class='ocrx_word' id='word_1_48' title='bbox 1474 1364 1508 1426; x_wconf 93' lang='lat' dir='ltr'>iu</span> <span class='ocrx_word' id='word_1_49' title='bbox 1597 1409 1602 1419; x_wconf 86' lang='lat'><em>·</em></span> 
     </span>
     <span class='ocr_line' id='line_1_8' title="bbox 389 1463 1509 1551; baseline 0.004 -27"><span class='ocrx_word' id='word_1_50' title='bbox 389 1463 527 1525; x_wconf 90' lang='lat' dir='ltr'>ecclesia</span> <span class='ocrx_word' id='word_1_51' title='bbox 547 1463 661 1527; x_wconf 78' lang='lat' dir='ltr'>Sancti</span> <span class='ocrx_word' id='word_1_52' title='bbox 673 1464 790 1527; x_wconf 89' lang='lat' dir='ltr'>Vitoni</span> <span class='ocrx_word' id='word_1_53' title='bbox 810 1464 1014 1549; x_wconf 87' lang='lat' dir='ltr'>condignam</span> <span class='ocrx_word' id='word_1_54' title='bbox 1031 1465 1239 1549; x_wconf 79' lang='lat' dir='ltr'>sepulturam</span> <span class='ocrx_word' id='word_1_55' title='bbox 1258 1465 1391 1528; x_wconf 92' lang='lat' dir='ltr'>meruit.</span> <span class='ocrx_word' id='word_1_56' title='bbox 1411 1465 1509 1551; x_wconf 89' lang='lat' dir='ltr'>Epis-</span> 
     </span>
     <span class='ocr_line' id='line_1_9' title="bbox 388 1564 1504 1650; baseline 0.003 -23"><span class='ocrx_word' id='word_1_57' title='bbox 388 1571 529 1650; x_wconf 91' lang='lat' dir='ltr'>copatus</span> <span class='ocrx_word' id='word_1_58' title='bbox 554 1565 777 1629; x_wconf 91' lang='lat' dir='ltr'>Virdunensis</span> <span class='ocrx_word' id='word_1_59' title='bbox 800 1565 934 1650; x_wconf 80' lang='lat' dir='ltr'>Hugoni</span> <span class='ocrx_word' id='word_1_60' title='bbox 962 1588 979 1628; x_wconf 92' lang='lat' dir='ltr'>a</span> <span class='ocrx_word' id='word_1_61' title='bbox 1013 1564 1158 1628; x_wconf 88' lang='lat' dir='ltr'>Rodulfo</span> <span class='ocrx_word' id='word_1_62' title='bbox 1185 1589 1263 1650; x_wconf 86' lang='lat' dir='ltr'>rege</span> <span class='ocrx_word' id='word_1_63' title='bbox 1297 1568 1504 1648; x_wconf 81' lang='lat' dir='ltr'>conceditur,</span> 
     </span>
     <span class='ocr_line' id='line_1_10' title="bbox 389 1666 1506 1753; baseline 0.004 -24"><span class='ocrx_word' id='word_1_64' title='bbox 389 1666 514 1752; x_wconf 83' lang='lat' dir='ltr'>quique</span> <span class='ocrx_word' id='word_1_65' title='bbox 526 1674 602 1753; x_wconf 89' lang='lat' dir='ltr'>post</span> <span class='ocrx_word' id='word_1_66' title='bbox 619 1668 701 1732; x_wconf 91' lang='lat' dir='ltr'>haec</span> <span class='ocrx_word' id='word_1_67' title='bbox 721 1668 837 1731; x_wconf 84' lang='lat' dir='ltr'><strong>Remis</strong></span> <span class='ocrx_word' id='word_1_68' title='bbox 854 1691 872 1730; x_wconf 93' lang='lat' dir='ltr'>a</span> <span class='ocrx_word' id='word_1_69' title='bbox 889 1666 1004 1732; x_wconf 86' lang='lat' dir='ltr'>Seulfo</span> <span class='ocrx_word' id='word_1_70' title='bbox 1016 1667 1268 1753; x_wconf 79' lang='lat' dir='ltr'>archiepiscopo</span> <span class='ocrx_word' id='word_1_71' title='bbox 1281 1678 1506 1734; x_wconf 87' lang='lat' dir='ltr'>consecratur.</span> 
     </span>
    </p>

    <p class='ocr_par' dir='ltr' id='par_1_3' title="bbox 385 1768 1513 3690">
     <span class='ocr_line' id='line_1_11' title="bbox 434 1768 1509 1856; baseline 0.003 -25"><span class='ocrx_word' id='word_1_72' title='bbox 434 1769 535 1832; x_wconf 80' lang='lat' dir='ltr'>Anno</span> <span class='ocrx_word' id='word_1_73' title='bbox 552 1768 627 1848; x_wconf 67' lang='lat'>9274,</span> <span class='ocrx_word' id='word_1_74' title='bbox 643 1769 825 1833; x_wconf 73' lang='lat' dir='ltr'>indictione</span> <span class='ocrx_word' id='word_1_75' title='bbox 845 1770 896 1845; x_wconf 76' lang='lat'>12,</span> <span class='ocrx_word' id='word_1_76' title='bbox 917 1769 1071 1854; x_wconf 84' lang='lat' dir='ltr'>Hungari</span> <span class='ocrx_word' id='word_1_77' title='bbox 1083 1769 1186 1832; x_wconf 89' lang='lat' dir='ltr'>ductu</span> <span class='ocrx_word' id='word_1_78' title='bbox 1201 1770 1291 1856; x_wconf 86' lang='lat' dir='ltr'>regis</span> <span class='ocrx_word' id='word_1_79' title='bbox 1304 1771 1509 1855; x_wconf 73' lang='lat' dir='ltr'>berengarii,</span> 
     </span>
     <span class='ocr_line' id='line_1_12' title="bbox 388 1871 1511 1958; baseline 0.003 -25"><span class='ocrx_word' id='word_1_80' title='bbox 388 1893 488 1957; x_wconf 91' lang='lat' dir='ltr'>quem</span> <span class='ocrx_word' id='word_1_81' title='bbox 500 1871 714 1958; x_wconf 87' lang='lat' dir='ltr'>Langobardi</span> <span class='ocrx_word' id='word_1_82' title='bbox 728 1873 933 1958; x_wconf 79' lang='lat' dir='ltr'>repulerant,</span> <span class='ocrx_word' id='word_1_83' title='bbox 948 1871 1082 1935; x_wconf 88' lang='lat' dir='ltr'>ltaliam</span> <span class='ocrx_word' id='word_1_84' title='bbox 1093 1871 1353 1956; x_wconf 85' lang='lat' dir='ltr'>depopulantur,</span> <span class='ocrx_word' id='word_1_85' title='bbox 1373 1873 1511 1957; x_wconf 89' lang='lat' dir='ltr'>Papiam</span> 
     </span>
     <span class='ocr_line' id='line_1_13' title="bbox 388 1973 1512 2061; baseline 0.003 -25"><span class='ocrx_word' id='word_1_86' title='bbox 388 1996 524 2060; x_wconf 89' lang='lat' dir='ltr'>quoque</span> <span class='ocrx_word' id='word_1_87' title='bbox 549 1973 668 2037; x_wconf 90' lang='lat' dir='ltr'>urbem</span> <span class='ocrx_word' id='word_1_88' title='bbox 703 1975 1003 2061; x_wconf 87' lang='lat' dir='ltr'>populosissimam</span> <span class='ocrx_word' id='word_1_89' title='bbox 1034 1981 1068 2036; x_wconf 92' lang='lat' dir='ltr'>et</span> <span class='ocrx_word' id='word_1_90' title='bbox 1105 1973 1400 2058; x_wconf 84' lang='lat' dir='ltr'>opulentissimam</span> <span class='ocrx_word' id='word_1_91' title='bbox 1434 1976 1512 2061; x_wconf 83' lang='lat' dir='ltr'>igne</span> 
     </span>
     <span class='ocr_line' id='line_1_14' title="bbox 388 2075 1513 2163; baseline 0.003 -25"><span class='ocrx_word' id='word_1_92' title='bbox 388 2075 610 2155; x_wconf 87' lang='lat' dir='ltr'>succendunt,</span> <span class='ocrx_word' id='word_1_93' title='bbox 644 2077 701 2140; x_wconf 92' lang='lat' dir='ltr'>ubi</span> <span class='ocrx_word' id='word_1_94' title='bbox 734 2100 815 2163; x_wconf 90' lang='lat' dir='ltr'>opes</span> <span class='ocrx_word' id='word_1_95' title='bbox 844 2077 973 2162; x_wconf 86' lang='lat' dir='ltr'>periere</span> <span class='ocrx_word' id='word_1_96' title='bbox 1000 2076 1207 2155; x_wconf 84' lang='lat' dir='ltr'>innumerae,</span> <span class='ocrx_word' id='word_1_97' title='bbox 1240 2077 1401 2140; x_wconf 87' lang='lat' dir='ltr'>ecclesiae</span> <span class='ocrx_word' id='word_1_98' title='bbox 1430 2101 1513 2163; x_wconf 91' lang='lat' dir='ltr'>qua-</span> 
     </span>
     <span class='ocr_line' id='line_1_15' title="bbox 388 2171 1509 2265; baseline 0.001 -24"><span class='ocrx_word' id='word_1_99' title='bbox 388 2171 701 2265; x_wconf 84' lang='lat' dir='ltr'>dragintaquatuor</span> <span class='ocrx_word' id='word_1_100' title='bbox 717 2178 793 2265; x_wconf 87' lang='lat' dir='ltr'>igne</span> <span class='ocrx_word' id='word_1_101' title='bbox 812 2200 1004 2255; x_wconf 89' lang='lat' dir='ltr'>succensae,</span> <span class='ocrx_word' id='word_1_102' title='bbox 1023 2176 1116 2240; x_wconf 91' lang='lat' dir='ltr'>urbis</span> <span class='ocrx_word' id='word_1_103' title='bbox 1129 2177 1234 2262; x_wconf 89' lang='lat' dir='ltr'>ipsius</span> <span class='ocrx_word' id='word_1_104' title='bbox 1247 2178 1425 2265; x_wconf 85' lang='lat' dir='ltr'>episcopus</span> <span class='ocrx_word' id='word_1_105' title='bbox 1434 2202 1509 2242; x_wconf 88' lang='lat' dir='ltr'>cum</span> 
     </span>
     <span class='ocr_line' id='line_1_16' title="bbox 388 2279 1511 2368; baseline 0.003 -27"><span class='ocrx_word' id='word_1_106' title='bbox 388 2279 614 2361; x_wconf 86' lang='lat' dir='ltr'>Vercellense,</span> <span class='ocrx_word' id='word_1_107' title='bbox 626 2281 683 2366; x_wconf 92' lang='lat' dir='ltr'>qui</span> <span class='ocrx_word' id='word_1_108' title='bbox 697 2303 809 2344; x_wconf 89' lang='lat' dir='ltr'>secum</span> <span class='ocrx_word' id='word_1_109' title='bbox 825 2287 906 2359; x_wconf 88' lang='lat' dir='ltr'>erat,</span> <span class='ocrx_word' id='word_1_110' title='bbox 918 2280 996 2366; x_wconf 89' lang='lat' dir='ltr'>igne</span> <span class='ocrx_word' id='word_1_111' title='bbox 1009 2279 1165 2364; x_wconf 82' lang='lat' dir='ltr'>fumoque</span> <span class='ocrx_word' id='word_1_112' title='bbox 1183 2289 1320 2344; x_wconf 90' lang='lat' dir='ltr'>necatus</span> <span class='ocrx_word' id='word_1_113' title='bbox 1333 2287 1396 2361; x_wconf 93' lang='lat' dir='ltr'>est,</span> <span class='ocrx_word' id='word_1_114' title='bbox 1410 2290 1511 2368; x_wconf 89' lang='lat' dir='ltr'>atque</span> 
     </span>
     <span class='ocr_line' id='line_1_17' title="bbox 387 2370 1512 2476; baseline 0.001 -32"><span class='ocrx_word' id='word_1_115' title='bbox 387 2381 498 2444; x_wconf 83' lang='lat' dir='ltr'>axilla</span> <span class='ocrx_word' id='word_1_116' title='bbox 513 2404 598 2468; x_wconf 89' lang='lat' dir='ltr'>pene</span> <span class='ocrx_word' id='word_1_117' title='bbox 615 2382 851 2446; x_wconf 90' lang='lat' dir='ltr'>innumerabili</span> <span class='ocrx_word' id='word_1_118' title='bbox 865 2381 1082 2445; x_wconf 90' lang='lat' dir='ltr'>multitudine</span> <span class='ocrx_word' id='word_1_119' title='bbox 1099 2370 1234 2476; x_wconf 82' lang='lat' dir='ltr'>ducenti</span> <span class='ocrx_word' id='word_1_120' title='bbox 1247 2388 1380 2446; x_wconf 90' lang='lat' dir='ltr'>tantum</span> <span class='ocrx_word' id='word_1_121' title='bbox 1396 2407 1512 2469; x_wconf 91' lang='lat' dir='ltr'>super-</span> 
     </span>
     <span class='ocr_line' id='line_1_18' title="bbox 385 2483 1509 2571; baseline 0.002 -25"><span class='ocrx_word' id='word_1_122' title='bbox 385 2483 492 2546; x_wconf 83' lang='lat' dir='ltr'>fuisse</span> <span class='ocrx_word' id='word_1_123' title='bbox 512 2492 752 2565; x_wconf 85' lang='lat' dir='ltr'>memorantur,</span> <span class='ocrx_word' id='word_1_124' title='bbox 786 2485 906 2570; x_wconf 85' lang='lat' dir='ltr'>quiex</span> <span class='ocrx_word' id='word_1_125' title='bbox 936 2485 1089 2570; x_wconf 89' lang='lat' dir='ltr'>reliquiis</span> <span class='ocrx_word' id='word_1_126' title='bbox 1122 2483 1214 2547; x_wconf 91' lang='lat' dir='ltr'>urbis</span> <span class='ocrx_word' id='word_1_127' title='bbox 1242 2484 1398 2547; x_wconf 88' lang='lat' dir='ltr'>incensae</span> <span class='ocrx_word' id='word_1_128' title='bbox 1425 2509 1509 2571; x_wconf 88' lang='lat' dir='ltr'>quas</span> 
     </span>
     <span class='ocr_line' id='line_1_19' title="bbox 385 2586 1509 2672; baseline 0.002 -24"><span class='ocrx_word' id='word_1_129' title='bbox 385 2586 613 2650; x_wconf 91' lang='lat' dir='ltr'>intercineres</span> <span class='ocrx_word' id='word_1_130' title='bbox 628 2587 790 2672; x_wconf 87' lang='lat' dir='ltr'>legerant,</span> <span class='ocrx_word' id='word_1_131' title='bbox 805 2587 934 2650; x_wconf 91' lang='lat' dir='ltr'>modios</span> <span class='ocrx_word' id='word_1_132' title='bbox 946 2592 1021 2650; x_wconf 89' lang='lat' dir='ltr'>octo</span> <span class='ocrx_word' id='word_1_133' title='bbox 1031 2587 1197 2649; x_wconf 90' lang='lat' dir='ltr'>dederunt</span> <span class='ocrx_word' id='word_1_134' title='bbox 1209 2587 1388 2672; x_wconf 85' lang='lat' dir='ltr'>Hungaris,</span> <span class='ocrx_word' id='word_1_135' title='bbox 1403 2587 1509 2651; x_wconf 90' lang='lat' dir='ltr'>vitam</span> 
     </span>
     <span class='ocr_line' id='line_1_20' title="bbox 385 2686 1511 2775; baseline 0.003 -25"><span class='ocrx_word' id='word_1_136' title='bbox 385 2695 420 2752; x_wconf 93' lang='lat' dir='ltr'>et</span> <span class='ocrx_word' id='word_1_137' title='bbox 442 2711 555 2751; x_wconf 90' lang='lat' dir='ltr'>muros</span> <span class='ocrx_word' id='word_1_138' title='bbox 573 2688 719 2753; x_wconf 87' lang='lat' dir='ltr'>civitatis</span> <span class='ocrx_word' id='word_1_139' title='bbox 737 2712 862 2752; x_wconf 88' lang='lat' dir='ltr'>vacuae</span> <span class='ocrx_word' id='word_1_140' title='bbox 882 2689 1098 2752; x_wconf 77' lang='lat' dir='ltr'>redimentes</span> <span class='ocrx_word' id='word_1_141' title='bbox 1119 2686 1251 2764; x_wconf 90' lang='lat' dir='ltr'>Quibus</span> <span class='ocrx_word' id='word_1_142' title='bbox 1270 2690 1426 2774; x_wconf 88' lang='lat' dir='ltr'>expletis,</span> <span class='ocrx_word' id='word_1_143' title='bbox 1452 2714 1511 2775; x_wconf 91' lang='lat' dir='ltr'>per</span> 
     </span>
     <span class='ocr_line' id='line_1_21' title="bbox 385 2788 1510 2877; baseline 0.002 -25"><span class='ocrx_word' id='word_1_144' title='bbox 385 2788 528 2876; x_wconf 87' lang='lat' dir='ltr'>abrupta</span> <span class='ocrx_word' id='word_1_145' title='bbox 543 2791 736 2875; x_wconf 87' lang='lat' dir='ltr'>gradientes</span> <span class='ocrx_word' id='word_1_146' title='bbox 765 2791 806 2854; x_wconf 92' lang='lat' dir='ltr'>ad</span> <span class='ocrx_word' id='word_1_147' title='bbox 834 2791 976 2877; x_wconf 89' lang='lat' dir='ltr'>Alpium</span> <span class='ocrx_word' id='word_1_148' title='bbox 995 2791 1075 2877; x_wconf 88' lang='lat' dir='ltr'>juga</span> <span class='ocrx_word' id='word_1_149' title='bbox 1106 2791 1320 2876; x_wconf 88' lang='lat' dir='ltr'>perveniunt.</span> <span class='ocrx_word' id='word_1_150' title='bbox 1344 2791 1510 2854; x_wconf 84' lang='lat' dir='ltr'>Rodulfus</span> 
     </span>
     <span class='ocr_line' id='line_1_22' title="bbox 385 2891 1512 2978; baseline 0.003 -25"><span class='ocrx_word' id='word_1_151' title='bbox 385 2914 466 2955; x_wconf 91' lang='lat' dir='ltr'>vero</span> <span class='ocrx_word' id='word_1_152' title='bbox 494 2891 685 2977; x_wconf 88' lang='lat' dir='ltr'>Cisalpinae</span> <span class='ocrx_word' id='word_1_153' title='bbox 710 2893 840 2956; x_wconf 86' lang='lat' dir='ltr'>Galliae</span> <span class='ocrx_word' id='word_1_154' title='bbox 865 2916 936 2971; x_wconf 88' lang='lat' dir='ltr'>rex,</span> <span class='ocrx_word' id='word_1_155' title='bbox 955 2900 988 2956; x_wconf 91' lang='lat' dir='ltr'>et</span> <span class='ocrx_word' id='word_1_156' title='bbox 1008 2893 1106 2978; x_wconf 87' lang='lat' dir='ltr'>Hugo</span> <span class='ocrx_word' id='word_1_157' title='bbox 1124 2916 1183 2956; x_wconf 85' lang='lat' dir='ltr'>rex</span> <span class='ocrx_word' id='word_1_158' title='bbox 1202 2893 1405 2956; x_wconf 88' lang='lat' dir='ltr'>Viennensis</span> <span class='ocrx_word' id='word_1_159' title='bbox 1425 2894 1512 2957; x_wconf 90' lang='lat' dir='ltr'>inter</span> 
     </span>
     <span class='ocr_line' id='line_1_23' title="bbox 387 2994 1511 3081; baseline 0.001 -25"><span class='ocrx_word' id='word_1_160' title='bbox 387 2994 564 3079; x_wconf 88' lang='lat' dir='ltr'>augustias</span> <span class='ocrx_word' id='word_1_161' title='bbox 581 2994 719 3058; x_wconf 90' lang='lat' dir='ltr'>collium</span> <span class='ocrx_word' id='word_1_162' title='bbox 736 2994 938 3081; x_wconf 82' lang='lat' dir='ltr'>Alpinorum</span> <span class='ocrx_word' id='word_1_163' title='bbox 954 3016 1012 3058; x_wconf 88' lang='lat' dir='ltr'>eos</span> <span class='ocrx_word' id='word_1_164' title='bbox 1027 2995 1277 3067; x_wconf 81' lang='lat' dir='ltr'>concluserunt,</span> <span class='ocrx_word' id='word_1_165' title='bbox 1293 2994 1381 3058; x_wconf 91' lang='lat' dir='ltr'>unde</span> <span class='ocrx_word' id='word_1_166' title='bbox 1402 2995 1511 3081; x_wconf 90' lang='lat' dir='ltr'>inopi-</span> 
     </span>
     <span class='ocr_line' id='line_1_24' title="bbox 386 3095 1510 3184; baseline 0.001 -25"><span class='ocrx_word' id='word_1_167' title='bbox 386 3102 468 3159; x_wconf 93' lang='lat' dir='ltr'>nato</span> <span class='ocrx_word' id='word_1_168' title='bbox 498 3095 573 3160; x_wconf 90' lang='lat' dir='ltr'>loco</span> <span class='ocrx_word' id='word_1_169' title='bbox 597 3119 656 3184; x_wconf 93' lang='lat' dir='ltr'>per</span> <span class='ocrx_word' id='word_1_170' title='bbox 680 3096 776 3160; x_wconf 89' lang='lat' dir='ltr'>devia</span> <span class='ocrx_word' id='word_1_171' title='bbox 802 3096 996 3175; x_wconf 79' lang='lat' dir='ltr'>evadenteS,</span> <span class='ocrx_word' id='word_1_172' title='bbox 1020 3096 1178 3160; x_wconf 88' lang='lat' dir='ltr'>Gothiam</span> <span class='ocrx_word' id='word_1_173' title='bbox 1208 3097 1387 3182; x_wconf 90' lang='lat' dir='ltr'>impetunt.</span> <span class='ocrx_word' id='word_1_174' title='bbox 1416 3096 1510 3173; x_wconf 88' lang='lat' dir='ltr'>Quos</span> 
     </span>
     <span class='ocr_line' id='line_1_25' title="bbox 387 3197 1508 3284; baseline 0.002 -24"><span class='ocrx_word' id='word_1_175' title='bbox 387 3197 523 3284; x_wconf 91' lang='lat' dir='ltr'>sequuti</span> <span class='ocrx_word' id='word_1_176' title='bbox 542 3197 706 3284; x_wconf 90' lang='lat' dir='ltr'>praedicti</span> <span class='ocrx_word' id='word_1_177' title='bbox 721 3197 835 3273; x_wconf 90' lang='lat' dir='ltr'>duces,</span> <span class='ocrx_word' id='word_1_178' title='bbox 859 3206 1015 3263; x_wconf 88' lang='lat' dir='ltr'>sternunt</span> <span class='ocrx_word' id='word_1_179' title='bbox 1036 3220 1122 3283; x_wconf 92' lang='lat' dir='ltr'>quos</span> <span class='ocrx_word' id='word_1_180' title='bbox 1142 3199 1358 3261; x_wconf 90' lang='lat' dir='ltr'>invenerunt.</span> <span class='ocrx_word' id='word_1_181' title='bbox 1379 3198 1508 3262; x_wconf 85' lang='lat' dir='ltr'>Interea</span> 
     </span>
     <span class='ocr_line' id='line_1_26' title="bbox 389 3299 1509 3386; baseline 0.002 -25"><span class='ocrx_word' id='word_1_182' title='bbox 389 3299 612 3385; x_wconf 87' lang='lat' dir='ltr'>Berengarius</span> <span class='ocrx_word' id='word_1_183' title='bbox 629 3323 648 3362; x_wconf 89' lang='lat' dir='ltr'>a</span> <span class='ocrx_word' id='word_1_184' title='bbox 668 3299 738 3362; x_wconf 92' lang='lat' dir='ltr'>suis</span> <span class='ocrx_word' id='word_1_185' title='bbox 761 3301 949 3386; x_wconf 91' lang='lat' dir='ltr'>perimitur,</span> <span class='ocrx_word' id='word_1_186' title='bbox 972 3300 1162 3364; x_wconf 91' lang='lat' dir='ltr'>Normanni</span> <span class='ocrx_word' id='word_1_187' title='bbox 1184 3322 1259 3362; x_wconf 89' lang='lat' dir='ltr'>cum</span> <span class='ocrx_word' id='word_1_188' title='bbox 1279 3300 1414 3363; x_wconf 83' lang='lat' dir='ltr'>Francis</span> <span class='ocrx_word' id='word_1_189' title='bbox 1428 3323 1509 3386; x_wconf 88' lang='lat' dir='ltr'>pac-</span> 
     </span>
     <span class='ocr_line' id='line_1_27' title="bbox 387 3400 1508 3488; baseline 0.001 -26"><span class='ocrx_word' id='word_1_190' title='bbox 387 3406 462 3463; x_wconf 93' lang='lat' dir='ltr'>tum</span> <span class='ocrx_word' id='word_1_191' title='bbox 481 3400 610 3478; x_wconf 89' lang='lat' dir='ltr'>ineunt,</span> <span class='ocrx_word' id='word_1_192' title='bbox 634 3401 711 3464; x_wconf 92' lang='lat' dir='ltr'>data</span> <span class='ocrx_word' id='word_1_193' title='bbox 727 3411 824 3488; x_wconf 90' lang='lat' dir='ltr'>pacto</span> <span class='ocrx_word' id='word_1_194' title='bbox 846 3402 938 3488; x_wconf 88' lang='lat' dir='ltr'>pacis</span> <span class='ocrx_word' id='word_1_195' title='bbox 954 3409 1040 3465; x_wconf 90' lang='lat' dir='ltr'>terra</span> <span class='ocrx_word' id='word_1_196' title='bbox 1063 3401 1337 3486; x_wconf 65' lang='lat' dir='ltr'>Cynemannensi</span> <span class='ocrx_word' id='word_1_197' title='bbox 1356 3408 1390 3464; x_wconf 86' lang='lat' dir='ltr'>et</span> <span class='ocrx_word' id='word_1_198' title='bbox 1411 3402 1508 3465; x_wconf 89' lang='lat' dir='ltr'>Baio-</span> 
     </span>
     <span class='ocr_line' id='line_1_28' title="bbox 386 3500 1507 3590; baseline 0 -26"><span class='ocrx_word' id='word_1_199' title='bbox 386 3500 492 3580; x_wconf 88' lang='lat' dir='ltr'>censi,</span> <span class='ocrx_word' id='word_1_200' title='bbox 511 3502 664 3589; x_wconf 84' lang='lat' dir='ltr'>Hungari</span> <span class='ocrx_word' id='word_1_201' title='bbox 679 3526 759 3566; x_wconf 90' lang='lat' dir='ltr'>vero</span> <span class='ocrx_word' id='word_1_202' title='bbox 775 3527 848 3568; x_wconf 90' lang='lat' dir='ltr'>sese</span> <span class='ocrx_word' id='word_1_203' title='bbox 864 3511 898 3567; x_wconf 90' lang='lat' dir='ltr'>et</span> <span class='ocrx_word' id='word_1_204' title='bbox 912 3504 1060 3590; x_wconf 87' lang='lat' dir='ltr'>capitum</span> <span class='ocrx_word' id='word_1_205' title='bbox 1073 3503 1245 3566; x_wconf 84' lang='lat' dir='ltr'>inflatione</span> <span class='ocrx_word' id='word_1_206' title='bbox 1260 3525 1298 3567; x_wconf 89' lang='lat' dir='ltr'>ac</span> <span class='ocrx_word' id='word_1_207' title='bbox 1316 3503 1507 3588; x_wconf 85' lang='lat' dir='ltr'>dysenteria</span> 
     </span>
     <span class='ocr_line' id='line_1_29' title="bbox 386 3604 1166 3690; baseline 0.003 -22"><span class='ocrx_word' id='word_1_208' title='bbox 386 3604 500 3668; x_wconf 89' lang='lat' dir='ltr'>cuncti</span> <span class='ocrx_word' id='word_1_209' title='bbox 519 3626 624 3690; x_wconf 89' lang='lat' dir='ltr'>paene</span> <span class='ocrx_word' id='word_1_210' title='bbox 642 3605 851 3671; x_wconf 90' lang='lat' dir='ltr'>interierunt.</span> <span class='ocrx_word' id='word_1_211' title='bbox 1160 3669 1166 3680; x_wconf 76' lang='grc'><em>,</em></span> 
     </span>
    </p>

    <p class='ocr_par' dir='ltr' id='par_1_4' title="bbox 387 3697 1511 4100">
     <span class='ocr_line' id='line_1_30' title="bbox 432 3697 1506 3794; baseline -0.004 -24"><span class='ocrx_word' id='word_1_212' title='bbox 432 3707 534 3770; x_wconf 81' lang='lat' dir='ltr'>Anno</span> <span class='ocrx_word' id='word_1_213' title='bbox 563 3697 716 3794; x_wconf 86' lang='lat' dir='ltr'>sequenti</span> <span class='ocrx_word' id='word_1_214' title='bbox 746 3707 882 3772; x_wconf 82' lang='lat' dir='ltr'>Seulfus</span> <span class='ocrx_word' id='word_1_215' title='bbox 907 3708 991 3771; x_wconf 91' lang='lat' dir='ltr'>obiit</span> <span class='ocrx_word' id='word_1_216' title='bbox 1016 3708 1197 3770; x_wconf 83' lang='lat' dir='ltr'>Remorum</span> <span class='ocrx_word' id='word_1_217' title='bbox 1221 3707 1506 3794; x_wconf 81' lang='lat' dir='ltr'>archiepiscopus,</span> 
     </span>
     <span class='ocr_line' id='line_1_31' title="bbox 387 3808 1509 3897; baseline -0.002 -25"><span class='ocrx_word' id='word_1_218' title='bbox 387 3808 516 3872; x_wconf 84' lang='lat' dir='ltr'>exactis</span> <span class='ocrx_word' id='word_1_219' title='bbox 535 3808 569 3871; x_wconf 95' lang='lat' dir='ltr'>in</span> <span class='ocrx_word' id='word_1_220' title='bbox 595 3810 790 3897; x_wconf 90' lang='lat' dir='ltr'>episcopatu</span> <span class='ocrx_word' id='word_1_221' title='bbox 815 3812 911 3874; x_wconf 90' lang='lat' dir='ltr'>annis</span> <span class='ocrx_word' id='word_1_222' title='bbox 934 3810 1055 3889; x_wconf 56' lang='lat' dir='ltr'>tribus</span> <span class='ocrx_word' id='word_1_223' title='bbox 1082 3808 1200 3872; x_wconf 90' lang='lat' dir='ltr'>diebus</span> <span class='ocrx_word' id='word_1_224' title='bbox 1225 3810 1386 3896; x_wconf 87' lang='lat' dir='ltr'>quinque.</span> <span class='ocrx_word' id='word_1_225' title='bbox 1410 3808 1509 3872; x_wconf 81' lang='lat' dir='ltr'>llollo</span> 
     </span>
     <span class='ocr_line' id='line_1_32' title="bbox 388 3909 1511 3999; baseline 0.001 -26"><span class='ocrx_word' id='word_1_226' title='bbox 388 3909 637 3974; x_wconf 89' lang='lat' dir='ltr'>Normanorum</span> <span class='ocrx_word' id='word_1_227' title='bbox 651 3912 953 3998; x_wconf 86' lang='lat' dir='ltr'>Rotomagensium</span> <span class='ocrx_word' id='word_1_228' title='bbox 972 3913 1128 3999; x_wconf 83' lang='lat' dir='ltr'>princeps</span> <span class='ocrx_word' id='word_1_229' title='bbox 1151 3911 1290 3974; x_wconf 89' lang='lat' dir='ltr'>Francia</span> <span class='ocrx_word' id='word_1_230' title='bbox 1310 3912 1511 3996; x_wconf 88' lang='lat' dir='ltr'>depraedata</span> 
     </span>
     <span class='ocr_line' id='line_1_33' title="bbox 387 4012 1511 4100; baseline 0.001 -24"><span class='ocrx_word' id='word_1_231' title='bbox 387 4034 506 4099; x_wconf 90' lang='lat' dir='ltr'>pacem</span> <span class='ocrx_word' id='word_1_232' title='bbox 526 4012 638 4099; x_wconf 88' lang='lat' dir='ltr'>fregit,</span> <span class='ocrx_word' id='word_1_233' title='bbox 656 4022 772 4084; x_wconf 84' lang='lat' dir='ltr'>contra</span> <span class='ocrx_word' id='word_1_234' title='bbox 788 4038 888 4100; x_wconf 88' lang='lat' dir='ltr'>quem</span> <span class='ocrx_word' id='word_1_235' title='bbox 904 4014 1024 4078; x_wconf 90' lang='lat' dir='ltr'>Franci</span> <span class='ocrx_word' id='word_1_236' title='bbox 1040 4022 1187 4077; x_wconf 82' lang='lat' dir='ltr'>castrum</span> <span class='ocrx_word' id='word_1_237' title='bbox 1214 4015 1348 4099; x_wconf 87' lang='lat' dir='ltr'>Augam</span> <span class='ocrx_word' id='word_1_238' title='bbox 1361 4014 1511 4100; x_wconf 92' lang='lat' dir='ltr'>capiunt.</span> 
     </span>
    </p>

    <p class='ocr_par' dir='ltr' id='par_1_5' title="bbox 387 4114 1513 4607">
     <span class='ocr_line' id='line_1_34' title="bbox 433 4114 1513 4202; baseline 0 -25"><span class='ocrx_word' id='word_1_239' title='bbox 433 4114 591 4178; x_wconf 89' lang='lat' dir='ltr'>Heinrico</span> <span class='ocrx_word' id='word_1_240' title='bbox 616 4120 750 4202; x_wconf 85' lang='lat' dir='ltr'>quoque</span> <span class='ocrx_word' id='word_1_241' title='bbox 775 4117 887 4179; x_wconf 90' lang='lat' dir='ltr'>cuncti</span> <span class='ocrx_word' id='word_1_242' title='bbox 910 4140 944 4179; x_wconf 89' lang='lat' dir='ltr'>se</span> <span class='ocrx_word' id='word_1_243' title='bbox 973 4116 1209 4180; x_wconf 89' lang='lat' dir='ltr'>Lotharienses</span> <span class='ocrx_word' id='word_1_244' title='bbox 1230 4116 1460 4189; x_wconf 86' lang='lat' dir='ltr'>committunt,</span> <span class='ocrx_word' id='word_1_245' title='bbox 1479 4122 1513 4177; x_wconf 92' lang='lat' dir='ltr'>et</span> 
     </span>
     <span class='ocr_line' id='line_1_35' title="bbox 388 4216 1510 4304; baseline -0.002 -25"><span class='ocrx_word' id='word_1_246' title='bbox 388 4216 461 4302; x_wconf 89' lang='lat' dir='ltr'>ipse</span> <span class='ocrx_word' id='word_1_247' title='bbox 480 4217 648 4280; x_wconf 90' lang='lat' dir='ltr'>Bernuino</span> <span class='ocrx_word' id='word_1_248' title='bbox 671 4218 820 4281; x_wconf 92' lang='lat' dir='ltr'>Dadonis</span> <span class='ocrx_word' id='word_1_249' title='bbox 836 4219 985 4304; x_wconf 90' lang='lat' dir='ltr'>episcopi</span> <span class='ocrx_word' id='word_1_250' title='bbox 1002 4218 1118 4303; x_wconf 89' lang='lat' dir='ltr'>nepoti</span> <span class='ocrx_word' id='word_1_251' title='bbox 1136 4217 1368 4303; x_wconf 87' lang='lat' dir='ltr'>episcopatum</span> <span class='ocrx_word' id='word_1_252' title='bbox 1387 4216 1510 4278; x_wconf 90' lang='lat' dir='ltr'>Virdu-</span> 
     </span>
     <span class='ocr_line' id='line_1_36' title="bbox 388 4315 1511 4412; baseline -0.004 -31"><span class='ocrx_word' id='word_1_253' title='bbox 388 4341 529 4382; x_wconf 88' lang='lat' dir='ltr'>nensem</span> <span class='ocrx_word' id='word_1_254' title='bbox 546 4320 712 4399; x_wconf 88' lang='lat' dir='ltr'>concedit,</span> <span class='ocrx_word' id='word_1_255' title='bbox 730 4320 787 4407; x_wconf 88' lang='lat' dir='ltr'>qui</span> <span class='ocrx_word' id='word_1_256' title='bbox 800 4329 834 4384; x_wconf 87' lang='lat' dir='ltr'>et</span> <span class='ocrx_word' id='word_1_257' title='bbox 850 4322 991 4407; x_wconf 82' lang='lat' dir='ltr'>expulso</span> <span class='ocrx_word' id='word_1_258' title='bbox 1007 4320 1165 4412; x_wconf 80' lang='lat' dir='ltr'>Hugone,</span> <span class='ocrx_word' id='word_1_259' title='bbox 1180 4318 1234 4381; x_wconf 90' lang='lat' dir='ltr'>cui</span> <span class='ocrx_word' id='word_1_260' title='bbox 1250 4317 1415 4380; x_wconf 82' lang='lat' dir='ltr'>Rodulsus</span> <span class='ocrx_word' id='word_1_261' title='bbox 1426 4315 1511 4378; x_wconf 93' lang='lat' dir='ltr'>illud</span> 
     </span>
     <span class='ocr_line' id='line_1_37' title="bbox 387 4417 1510 4507; baseline -0.003 -23"><span class='ocrx_word' id='word_1_262' title='bbox 387 4420 538 4501; x_wconf 89' lang='lat' dir='ltr'>dederat,</span> <span class='ocrx_word' id='word_1_263' title='bbox 558 4420 682 4486; x_wconf 90' lang='lat' dir='ltr'>ibidem</span> <span class='ocrx_word' id='word_1_264' title='bbox 710 4424 885 4486; x_wconf 90' lang='lat' dir='ltr'>ordinatur</span> <span class='ocrx_word' id='word_1_265' title='bbox 907 4422 1085 4507; x_wconf 88' lang='lat' dir='ltr'>episcopus</span> <span class='ocrx_word' id='word_1_266' title='bbox 1100 4444 1188 4484; x_wconf 91' lang='lat' dir='ltr'>anno</span> <span class='ocrx_word' id='word_1_267' title='bbox 1213 4419 1290 4498; x_wconf 78' lang='lat'>925,</span> <span class='ocrx_word' id='word_1_268' title='bbox 1326 4417 1510 4481; x_wconf 90' lang='lat' dir='ltr'>indictione</span> 
     </span>
     <span class='ocr_line' id='line_1_38' title="bbox 390 4521 1509 4607; baseline -0.005 -21"><span class='ocrx_word' id='word_1_269' title='bbox 390 4522 444 4586; x_wconf 80' lang='lat'>13.</span> <span class='ocrx_word' id='word_1_270' title='bbox 463 4521 597 4588; x_wconf 78' lang='lat' dir='ltr'>Abhinc</span> <span class='ocrx_word' id='word_1_271' title='bbox 615 4525 806 4588; x_wconf 90' lang='lat' dir='ltr'>Virdunum</span> <span class='ocrx_word' id='word_1_272' title='bbox 826 4532 859 4588; x_wconf 90' lang='lat' dir='ltr'>et</span> <span class='ocrx_word' id='word_1_273' title='bbox 873 4524 959 4587; x_wconf 92' lang='lat' dir='ltr'>aliae</span> <span class='ocrx_word' id='word_1_274' title='bbox 976 4524 1130 4588; x_wconf 86' lang='lat' dir='ltr'>civitates</span> <span class='ocrx_word' id='word_1_275' title='bbox 1149 4546 1168 4585; x_wconf 87' lang='lat' dir='ltr'>a</span> <span class='ocrx_word' id='word_1_276' title='bbox 1184 4544 1288 4607; x_wconf 89' lang='lat' dir='ltr'>regno</span> <span class='ocrx_word' id='word_1_277' title='bbox 1306 4521 1509 4582; x_wconf 89' lang='lat' dir='ltr'>Francorum</span> 
     </span>
    </p>
   </div>
   <div class='ocr_carea' id='block_1_3' title="bbox 0 0 1904 5642">
    <p class='ocr_par' dir='ltr' id='par_1_6' title="bbox 0 0 1904 5642">
     <span class='ocr_line' id='line_1_39' title="bbox 0 0 1904 5642; baseline 0 1"><span class='ocrx_word' id='word_1_278' title='bbox 0 0 1904 5642; x_wconf 95' lang='lat' dir='ltr'> </span> 
     </span>
    </p>
   </div>
  </div>
 </body>
</html>
