3800 5642
386 662 451 727 206
853 681 1044 725 aeraunicss

384 805 465 868 haec
484 803 526 867 ob
543 805 605 868 hoe
619 803 763 867 Virduni
776 803 975 867 denunciata
995 802 1070 882 fuit,
1086 810 1124 867 ut
1137 801 1185 866 sie
1200 802 1316 866 saltim
1332 801 1500 865 interesset

384 906 813 993 conventuiepiscoporum
837 903 1007 991 praefatus
1027 903 1251 967 Virdunensis
1273 904 1499 990 Berengarius,

384 1006 481 1093 cujus
508 1015 598 1071 tanta
626 1015 716 1071 esset
744 1007 939 1086 auctoritaS,
975 1013 1014 1069 ut
1032 1005 1213 1091 improbari
1230 1006 1405 1070 videretur
1422 1006 1502 1092 quod

384 1110 680 1174 constantissimae
705 1109 893 1173 nobilitatis
920 1109 993 1196 ejus
1022 1109 1192 1172 autentica
1216 1108 1415 1194 praesentia
1443 1131 1503 1170 non

384 1210 610 1276 roboraretur.

429 1314 484 1377 Ad
511 1337 612 1401 quam
646 1316 745 1400 Hugo
770 1322 930 1378 evocatus
960 1313 1073 1375 missis
1097 1313 1140 1376 ad
1167 1335 1244 1376 eum
1276 1311 1505 1376 deducendum

385 1416 552 1503 episcopis
572 1416 787 1479 Adalberone
813 1423 847 1480 et
871 1415 1030 1495 Gosleno,
1058 1415 1172 1478 venire
1202 1412 1324 1478 noluit.
1348 1414 1508 1480 Universa

385 1542 465 1581 vero
490 1519 641 1603 synodus
661 1518 805 1582 Artoldo
825 1519 994 1582 Romanae
1022 1516 1193 1603 adjudicat
1223 1516 1448 1602 episcopium,
1479 1524 1508 1580 et

385 1621 507 1684 iterum
530 1620 691 1685 indicitur
709 1619 860 1705 synodus
882 1619 994 1683 idibus
1021 1618 1185 1699 lanuarii,
1205 1641 1290 1704 quae
1312 1619 1367 1682 die
1387 1626 1507 1683 statuta

386 1722 552 1786 celebrata
569 1723 669 1786 estin
686 1722 826 1786 ecelesia
842 1721 958 1786 Sancti
974 1722 1065 1785 Petri
1081 1728 1159 1785 ante
1174 1728 1395 1807 prospectum
1415 1719 1509 1785 castri

387 1825 531 1888 Mosomi
545 1849 561 1887 a
576 1826 700 1888 domno
721 1823 869 1888 Roberto
885 1824 1072 1908 ceterisque
1092 1823 1301 1887 Trevirensis
1319 1823 1509 1887 dioeceseos

387 1927 555 2013 episcopis
574 1933 606 1990 et
622 1910 825 2012 quibusdam
846 1926 1037 1990 Remensis.
1056 1925 1233 2012 Adquam
1252 1925 1394 1989 veniens
1415 1926 1509 2011 Hugo

387 2028 497 2092 noluit
517 2029 659 2114 ingredi,
682 2028 742 2092 sed
757 2028 888 2092 litteras
904 2028 997 2092 misit
1017 2027 1080 2091 sub
1096 2027 1233 2091 nomine
1248 2027 1392 2114 Agapiti
1409 2048 1509 2114 papae

389 2154 447 2216 per
470 2131 630 2193 clericum
651 2154 763 2211 suum,
786 2132 844 2217 qui
864 2154 920 2194 eas
949 2131 1056 2194 Roma
1080 2129 1260 2207 detulerat,
1290 2128 1354 2193 hoc
1379 2136 1508 2193 tantum

388 2233 613 2308 continentes
638 2241 675 2296 ut
703 2233 732 2296 ei
759 2235 927 2297 Remcnse
954 2233 1150 2297 redderetur
1173 2231 1395 2318 episcopium.
1426 2231 1508 2309 Quia

388 2359 467 2398 vero
486 2334 654 2399 Robertus
677 2335 900 2413 TrevirensiS,
924 2335 1095 2399 deferente
1115 2334 1292 2399 Frederico
1316 2333 1509 2421 Moguncia-

389 2438 480 2501 censi
510 2461 622 2500 coram
650 2438 787 2524 regibus
821 2445 855 2501 et
885 2437 1053 2524 episcopis
1082 2436 1212 2503 Galliae
1244 2443 1278 2500 et
1310 2435 1509 2500 Germaniae

390 2538 585 2602 mandatum
620 2539 800 2624 legationis
834 2540 1040 2626 apostolicae
1060 2545 1299 2626 -susceperat‚'
1317 2544 1351 2601 et
1385 2546 1508 2622 partem

386 2640 624 2726 jussionisjam
646 2641 851 2727 expleverat,
870 2641 1042 2706 communi
1053 2641 1187 2705 decreto
1205 2640 1373 2705 sancitum
1396 2647 1460 2718 est,
1476 2645 1510 2702 ut

312 2772 316 2777 ·
390 2741 480 2827 quod
504 2743 703 2828 regulariter
730 2753 886 2830 coeptum
911 2744 1031 2820 luerat,
1049 2743 1209 2807 canonice
1238 2749 1507 2829 pertractaretur.

390 2844 511 2931 Sicque
547 2845 686 2908 recitato
722 2846 869 2932 capitulo
903 2846 955 2910 19.
990 2845 1268 2933 Carthaginensis
1301 2844 1436 2909 concilii
1473 2845 1509 2907 de

391 2954 548 3009 accusato
570 2954 604 3010 ct
626 2956 832 3025 accusatore,
856 2949 1040 3013 secundum
1068 2949 1174 3034 ipsius
1204 2946 1347 3034 capituli
1380 2955 1510 3011 senten-

390 3049 470 3111 tiam
492 3048 674 3112 dillinitum
692 3059 744 3114 est
775 3057 825 3131 ut,
852 3052 996 3115 Artoldo
1021 3052 1224 3114 llemensem
1244 3056 1381 3114 tenente
1403 3071 1510 3135 parro-

390 3150 511 3230 chiam,
532 3151 629 3236 Hugo
651 3175 670 3215 a
690 3153 925 3216 communione
945 3161 979 3216 et
1005 3152 1167 3239 regimine
1192 3151 1391 3232 abstineret,
1410 3153 1509 3214 donec

390 3253 432 3316 ad
452 3253 679 3317 universalem
700 3256 880 3339 synodum,
902 3255 1065 3318 Kalendis
1084 3255 1232 3340 Augusti
1256 3276 1292 3317 se
1307 3262 1509 3339 purgaturus

390 3364 589 3419 occurreret.
604 3355 702 3433 Quod
713 3358 899 3443 capitulum
915 3358 948 3419 in
961 3359 1075 3420 charta
1085 3356 1304 3441 descriptum,
1321 3362 1356 3420 et
1372 3357 1509 3420 missum

391 3466 454 3537 est,
472 3456 630 3543 adjuncta
644 3459 850 3523 delinitione.
874 3458 983 3536 Quam
1004 3468 1138 3545 postera
1153 3459 1206 3522 die
1227 3458 1507 3534 retransmittens,

391 3558 564 3622 mandavit
582 3583 616 3623 se
638 3583 851 3647 nequaquam
861 3561 1085 3624 obediturum.
1098 3561 1224 3624 lnterea
1239 3559 1509 3645 proclamationis

390 3661 521 3723 litterae
532 3661 1510 3747 adomnoArtaldodirigunturadsedemRomanam.D0m-

391 3786 454 3825 nus
470 3762 572 3845 igitur
591 3763 759 3848 Agapitus
780 3787 863 3850 papa
886 3765 1050 3828 vicarium
1066 3787 1164 3827 suum
1192 3763 1363 3827 Marinum
1383 3764 1508 3849 episeo-

393 3886 472 3949 pum
488 3863 592 3925 mittit
606 3864 647 3926 ad
662 3863 830 3928 Othonem
843 3889 956 3949 regem
965 3880 1103 3953 propter
1115 3865 1509 3952 aggregandamgenera·

392 3965 457 4027 lem
468 3965 647 4049 synodum.
668 3966 813 4030 Litterae
825 3991 957 4053 quoque
980 3968 1086 4053 ipsius
1098 3967 1274 4054 speciatim
1288 3967 1414 4031 missae
1434 3973 1507 4030 sunt

392 4066 592 4152 quibusdam
617 4067 746 4131 Galliae
765 4077 797 4132 et
818 4069 1017 4133 Germaniae
1038 4069 1216 4156 episcopis,
1238 4076 1277 4133 ut
1295 4068 1510 4134 convenirent

392 4169 433 4231 ad
450 4168 591 4231 candem
613 4170 792 4253 arraldum.

437 4271 630 4355 Aggregata
661 4279 712 4334 est
737 4296 817 4356 ergo
849 4274 1017 4358 praedicta
1044 4275 1194 4359 synodus
1217 4274 1250 4336 in
1280 4271 1509 4360 Engilenheim

392 4373 517 4459 palatio
549 4374 664 4459 regali,
701 4374 734 4436 in
760 4376 899 4438 ecclesia
920 4376 1035 4440 Sancti
1069 4376 1227 4462 Remigii,
1265 4375 1283 4437 'l
1317 4375 1393 4439 idus
1424 4370 1510 4439 lunii

392 4498 480 4538 anno
504 4475 581 4549 trra,
599 4476 786 4540 indictione
805 4478 835 4557 li,
859 4478 959 4541 tertio
970 4488 1114 4565 papatus
1125 4479 1241 4542 domni
1252 4477 1395 4566 Agapiti
1414 4497 1509 4553 anno,
