3800 5642
770 696 911 739 ANNALES
935 697 976 739 DE
999 697 1165 745 FLODOARD

346 1291 355 1345 3
428 1282 531 1345 Anno
558 1282 764 1362 nocconvnrt,
788 1291 935 1348 castrum
952 1284 1216 1350 codiciacum0¹
1237 1287 1375 1372 quidam
1401 1288 1519 1351 fideles

386 1384 549 1451 Artoldis
565 1385 752 1472 praesuiise
769 1386 977 1451 clandestina
991 1389 1128 1474 capiunt
1141 1389 1325 1476 irruptione
1337 1389 1363 1453 h.
1376 1391 1519 1454 Hardui-

386 1511 454 1551 nus
468 1488 493 1569 ἓ),
516 1487 688 1575 subjectus
703 1487 857 1552 Tetbaldi
871 1489 895 1565 3,
909 1489 963 1552 cui
979 1490 1162 1554 Tetbaldus
1182 1491 1272 1554 idem
1286 1491 1519 1557 commiserati

386 1597 553 1669 castrum,
585 1590 705 1654 videns
730 1591 891 1677 oppidum
918 1599 1065 1677 captum,
1099 1592 1251 1678 confugit
1280 1617 1356 1656 cum
1388 1595 1457 1658 suis
1484 1595 1518 1657 in

387 1714 514 1757 arcem.
529 1692 611 1756 Erat
620 1699 733 1756 autem
745 1693 847 1756 turris
855 1692 913 1757 illa
923 1694 1126 1758 firmissima.
1139 1695 1194 1758 Ad
1208 1719 1308 1783 quam
1324 1720 1521 1784 expugnan-

388 1795 471 1859 dam
491 1793 631 1859 veniens
655 1818 713 1858 rex
735 1795 915 1860 Lotharius
940 1819 1016 1860 cum
1039 1797 1165 1861 domno
1189 1798 1356 1862 Artoldoi
1381 1808 1414 1863 et
1439 1823 1523 1863 non-

389 1897 496 1961 nullis
513 1896 589 1960 aliis
613 1896 804 1984 episcopist·
825 1906 926 1985 atque
949 1899 1141 1980 comitibus,
1162 1924 1222 1986 per
1241 1900 1324 1964 duas
1344 1901 1413 1964 sere
1433 1902 1520 1966 hanc

390 1999 527 2064 obsidet
541 1999 746 2064 ebdomadas
758 1999 785 2076 ²3
806 2001 943 2065 tandem
959 2002 1139 2087 nepotibus
1155 2003 1351 2067 Harduinim
1371 2005 1521 2090 acceptis

391 2101 583 2183 obsidibus,
604 2100 646 2167 ab
666 2101 840 2166 obsidione
861 2103 1056 2168 disceditur.
1075 2105 1161 2167 Tum
1180 2104 1364 2169 Tetbaidus
1382 2117 1397 2145 '¹
1418 2107 1520 2170 adve-

390 2206 491 2270 niens
531 2204 678 2291 oppido⁰
712 2227 780 2267 non
820 2205 997 2293 recipitur,
1039 2230 1260 2294 reversusque
1297 2231 1356 2294 per
1390 2232 1516 2294 pagum

393 2308 682 2372 Laudunensemp
720 2314 752 2370 et
781 2307 1032 2388 Suessonicum,
1066 2309 1192 2395 rapinis
1220 2310 1455 2389 desaevienss,
1486 2311 1519 2373 in

394 2434 454 2474 sua
493 2409 692 2497 regreditur.
724 2409 887 2474 Homines
921 2410 1099 2475 Tetbaldir
1134 2412 1381 2476 municionem⁸
1411 2436 1520 2499 quan-

395 2513 504 2594 dam‘,
524 2535 610 2599 quae
622 2523 636 2552 ¹¹
653 2519 793 2576 vocatur
812 2513 895 2576 Fara
904 2524 917 2552 ²¹
932 2513 957 2592 4,
973 2512 1184 2578 tradentibus
1207 2538 1280 2578 eam
1301 2514 1365 2577 sibi
1381 2515 1520 2603 quibus-

395 2617 474 2681 dam
494 2614 735 2702 proditoribuS,
752 2615 901 2702 capiunt.
928 2616 984 2679 Ad
1008 2640 1110 2703 quam
1130 2615 1351 2680 obsidendam
1369 2618 1491 2681 Rorico
1509 2619 1522 2659 ⁵

395 2717 562 2807 praesule
580 2717 828 2799 Laudunensis,
848 2741 924 2781 cum
940 2719 1105 2783 militibus
1118 2719 1325 2783 aecclesiaeoe
1340 2720 1520 2784 Remensis

397 2831 430 2886 et
450 2821 552 2885 aliisi
567 2843 798 2910 quoscumque
817 2821 1067 2906 asciscipotuit
1086 2821 1215 2901 amieiS,
1233 2822 1381 2887 advenit.
1405 2823 1522 2907 Regez

397 2925 536 2990 tandem
559 2922 719 2988 Lothario
752 2923 968 3003 adventante,
1003 2922 1232 2987 mediantibus
1270 2924 1447 2989 Heriberto
1484 2948 1524 2988 ac

399 3024 790 3109 Rotbertotfratribus,
823 3032 972 3090 castrum
991 3025 1145 3111 jussione
1175 3025 1328 3090 Tetbaldi
1359 3026 1521 3092 redditur.

430 3226 457 3287 d)
475 3224 682 3288 nongentesimo
700 3223 923 3284 quinquagesimo
944 3224 1062 3280 octavo,
1080 3222 1109 3280 Β,
1119 3222 1157 3282 ,6,
1174 3222 1204 3268 D.
1223 3249 1255 3256 —
1268 3221 1292 3283 e)
1303 3221 1480 3279 Cotidiacum,
1493 3222 1524 3274 Β,

401 3287 579 3347 Coditiacum,
591 3284 694 3347 D.-s)
707 3285 822 3344 Artaldi,
837 3288 868 3342 A,
883 3285 913 3341 Β,
929 3284 957 3342 C,
968 3285 1001 3343 D,
1014 3284 1044 3331 E.
1055 3311 1087 3319 -
1096 3284 1124 3346 9)
1141 3285 1307 3345 presulisA,
1321 3284 1348 3330 C.
1360 3310 1391 3317 —
1402 3284 1429 3337 hi
1443 3284 1524 3330 comi-

400 3354 480 3408 serat,
496 3351 525 3397 G.
536 3377 568 3385 —
581 3348 600 3411 i)
613 3348 774 3409 inreptione,
788 3348 818 3407 Β,
833 3347 991 3408 irreptione,
1010 3346 1042 3393 D.
1059 3374 1091 3381 —
1102 3346 1127 3407 j)
1143 3346 1266 3404 Artaido,
1280 3348 1312 3404 A,
1324 3346 1354 3405 Β,
1368 3346 1396 3406 C,
1408 3346 1439 3404 D,
1452 3346 1482 3392 Β.
1494 3373 1525 3380 -

401 3413 426 3464 kt
439 3413 593 3476 episcopus,
612 3411 643 3458 Β.
661 3437 693 3445 -
713 3409 731 3472 l)
752 3410 920 3468 ebdomadis,
939 3423 1011 3456 corr.
1028 3423 1061 3456 en
1075 3409 1249 3475 ebdomadas
1265 3409 1292 3456 G.
1306 3435 1338 3443 —
1351 3409 1386 3470 m)
1400 3409 1523 3465 Arduini,

401 3476 430 3534 Β,
451 3477 483 3523 D.
502 3501 533 3510 —
553 3475 580 3536 n)
600 3473 769 3532 Tetbabdus,
789 3473 819 3520 Β.
840 3499 871 3506 -
890 3473 915 3533 ο)
940 3472 1031 3532 opido,
1050 3471 1080 3518 E.
1099 3498 1130 3505 —
1140 3477 1170 3532 p)
1192 3470 1425 3527 Laudunnensem,
1446 3471 1474 3517 B.
1494 3498 1526 3504 -

422 3539 428 3600 )
448 3537 600 3594 deseviens,
621 3538 653 3595 A,
671 3537 702 3596 Β,
726 3535 755 3595 C,
773 3535 804 3582 D.
825 3561 857 3569 —
876 3536 899 3598 r)
919 3534 1063 3592 Tetbabdi,
1084 3534 1113 3580 Β.
1134 3561 1166 3568 -
1186 3533 1207 3594 ε)
1233 3533 1419 3591 munitionem,
1443 3534 1474 3579 A.
1495 3559 1526 3566 -

401 3552 421 3662 ij
433 3602 522 3657 Deest,
536 3602 568 3658 A,
583 3599 615 3658 D,
629 3599 782 3660 quemdam,
800 3597 830 3644 E.
846 3624 877 3631 -
892 3597 919 3658 ιι)
933 3611 994 3657 que,
1010 3598 1041 3654 A,
1053 3597 1084 3652 B,
1099 3597 1130 3653 D,
1145 3610 1222 3656 quae,
1235 3595 1263 3642 C.
1277 3623 1309 3630 —
1322 3595 1347 3656 υ)
1362 3595 1436 3654 Fara,
1452 3595 1479 3642 G.
1496 3621 1526 3628 -

401 3665 433 3773 gt
442 3661 592 3787 presui,)tf‘{.
607 3689 638 3696 -
649 3661 677 3723 x)
691 3661 813 3770 eBcelesie,
825 3662 855 3718 A,
870 3659 898 3718 Β,
916 3659 1038 3720 ecclesie,
1052 3659 1080 3718 C,
1091 3659 1214 3715 aecicsiae,
1229 3657 1260 3705 D.
1273 3685 1305 3693 -
1318 3661 1346 3720 y)
1359 3659 1434 3717 alios,
1452 3658 1481 3716 Β,
1497 3657 1526 3715 C,

426 3764 431 3784 ,
469 3741 548 3773 .-z
593 3738 677 3786 egem,
716 3760 721 3770 .

441 4037 463 4079 1.
483 4028 759 4092 Coucy-le-Chueau,
771 4027 863 4085 Aisne,
878 4041 929 4073 arr.
945 4025 977 4072 de
991 4025 1073 4071 Leon.

442 4101 464 4142 2.
484 4093 522 4140 M.
538 4092 589 4140 Lot
609 4093 644 4152 tp.
664 4096 702 4149 23,
725 4105 751 4136 n.
770 4091 794 4152 1)
812 4088 931 4136 identific
950 4087 1072 4134 Itarduin
1086 4101 1151 4133 avec
1169 4086 1193 4132 lc
1211 4100 1377 4147 personnagc
1394 4086 1428 4131 du
1448 4087 1534 4131 meme

408 4155 539 4267 ponrtcppi
558 4153 675 4265 sopsccr'i't
694 4155 711 4262 ε)
725 4155 797 4260 cettle
815 4150 1077 4271 p'poppeqodeplpctes
1095 4148 1188 4210 passos
1202 4149 1217 4195 a
1229 4148 1355 4196 Chartrcs
1370 4146 1484 4208 (Cariat.
1500 4148 1533 4193 dr

486 4231 613 4264 -ree
664 4229 798 4272 erres„
846 4251 851 4271 ,
897 4250 901 4269 ,
947 4231 1014 4270 ,4.

425 4234 472 4328 apr
481 4232 607 4329 Thibaud
620 4279 644 4327 te
656 4277 796 4334 Tricheur,
815 4279 905 4323 comte
918 4275 950 4321 de
963 4274 1035 4320 Blois
1047 4274 1119 4320 etde
1132 4272 1269 4320 Chartres.

439 4347 462 4391 t.
483 4344 518 4391 La
531 4342 606 4401 Fere,
620 4341 713 4399 Aisne,
727 4353 780 4386 arr.
792 4339 825 4386 de
837 4338 918 4385 Laon.
1177 4397 1179 4403 Υ

439 4412 462 4455 5.
482 4407 538 4454 Ror
556 4419 600 4463 on,
614 4403 716 4464 eveque
729 4402 762 4448 de
776 4402 849 4448 Leon
863 4401 959 4460 (ete-20
972 4397 1115 4446 dc'ccmbrc
1128 4402 1193 4456 976).
1208 4396 1277 4458 Voy.
1290 4396 1305 4443 rt
1317 4397 1343 4443 la
1357 4394 1448 4442 Table.

439 4474 462 4515 6.
483 4420 601 4516 Herbert
613 4470 642 4514 et
654 4464 878 4523 Robert,comtes
892 4462 924 4510 de
935 4462 1040 4522 Troyes
1052 4461 1120 4507 etde
1134 4459 1240 4517 Meaux,
1253 4458 1295 4506 fils
1305 4458 1451 4531 d'Herbert
1465 4457 1489 4504 ΙΙ
1502 4457 1536 4504 de

409 4530 601 4579 Vermandois.

462 4620 553 4664 Lauren.
562 4616 705 4662 -Annelee
714 4615 744 4658 de
753 4614 884 4657 Ftodoard.
1461 4612 1485 4650 10
