3800 5642
840 675 1028 718 irruunrcns
1431 659 1490 725 191

363 821 442 862 cum
475 797 559 884 ipsis
596 797 737 861 Erluino
773 819 850 860 cum
884 803 978 883 parte
1014 796 1161 860 militum
1187 797 1334 880 Amulli,
1370 801 1429 865 sed
1461 810 1494 867 et

363 899 508 965 Artoldo
527 900 685 987 episcopo
706 922 783 963 oum
803 898 928 985 his·qui
947 898 1076 962 dudum
1091 899 1208 963 Remis
1228 899 1328 985 ejecti
1347 900 1491 985 fuerant,

363 1002 488 1066 comite
503 1024 637 1088 quoque
649 1001 820 1065 Bernardo
833 1024 871 1064 ac
882 1000 1494 1089 Theodericomepoteipsius,llemo-

364 1128 440 1169 rum
460 1103 565 1169 vallat
583 1103 714 1168 urbem.
732 1103 919 1166 Vastantur
935 1103 1198 1190 circumquaque
1215 1112 1359 1191 segetes
1377 1107 1494 1171 villae·

365 1230 430 1294 que
468 1206 674 1292 diripiuntur
712 1211 745 1268 et
773 1203 896 1291 partim
932 1212 1131 1284 exuruntur,
1163 1228 1294 1269 necnon
1333 1209 1493 1273 ecclesiae

363 1309 479 1395 plures
497 1308 733 1393 effringuntur.
755 1305 920 1384 Quotiens
935 1315 1124 1393 pugnatum
1143 1308 1184 1371 ad
1200 1317 1314 1395 portas
1333 1310 1385 1374 vel
1407 1311 1494 1375 circa

366 1434 512 1483 murum,
527 1410 697 1473 vulnerati
716 1432 757 1472 ex
770 1418 911 1495 utraque
929 1417 1024 1495 parte
1039 1432 1106 1472 non
1122 1410 1231 1495 pauci,
1245 1411 1382 1497 quidam
1392 1413 1495 1476 etiam

364 1512 559 1598 interempti
573 1517 663 1577 sunt.
676 1512 776 1597 Hugo
790 1510 935 1598 denique
957 1510 1024 1573 dux
1037 1511 1198 1597 preliatus
1215 1535 1292 1576 cum
1303 1513 1494 1578 Nordman-

364 1616 429 1695 nis,
448 1615 506 1701 qui
529 1614 614 1677 fines
635 1637 714 1677 suos
736 1613 881 1698 ingressi
902 1611 1048 1691 fuerant,
1071 1635 1128 1676 eos
1154 1637 1221 1676 non
1242 1615 1373 1680 modica
1393 1616 1494 1680 caede

364 1717 452 1781 fudit
478 1723 545 1781 eta
564 1715 718 1780 terminis
734 1716 804 1778 suis
822 1714 930 1801 ejecit.
954 1715 1036 1778 Post
1061 1714 1142 1778 haec
1165 1716 1291 1781 Remos
1318 1718 1360 1781 ad
1379 1742 1493 1805 regem
1543 1749 1545 1751 >

365 1819 483 1901 mittit,
501 1817 586 1882 dans
601 1817 749 1899 obsides,
768 1824 806 1881 ut
821 1815 1040 1902 Ragenoldus
1057 1840 1099 1880 ex
1116 1825 1212 1904 parte
1229 1820 1319 1906 regis
1336 1820 1378 1884 ad
1391 1820 1494 1884 collo-

368 1921 487 2008 quium
520 1919 584 1984 sibi
619 1925 782 1984 occurrat.
810 1919 884 1996 Quo
916 1919 1073 1999 abeunte,
1101 1927 1225 1985 tractat
1258 1945 1335 1986 cum
1363 1945 1414 2002 eo,
1442 1923 1494 1986 uti

366 2047 426 2087 rex
438 2022 574 2086 obsides
584 2022 626 2086 ab
637 2022 782 2108 Hugone
793 2021 1045 2108 archiepiscopo
1061 2023 1204 2108 accipiat
1220 2029 1253 2087 et
1264 2023 1306 2087 ab
1317 2023 1494 2088 obsidione

366 2125 528 2190 Remensi
563 2124 725 2204 discedat,
771 2131 938 2211 quatenus
977 2123 1067 2187 idem
1104 2126 1231 2210 presul,
1275 2126 1493 2191 denominato

365 2227 503 2315 placite,
521 2227 563 2291 ad
576 2225 781 2290 reddendam
796 2225 961 2289 rationem
978 2225 1019 2290 de
1039 2226 1197 2290 omnibus
1212 2251 1297 2314 quae
1318 2252 1377 2292 rex
1393 2227 1436 2292 ab
1454 2252 1493 2292 eo

365 2329 550 2418 quaesierit
572 2328 718 2393 accedat.
746 2327 877 2404 Quibus
903 2327 968 2391 hoc
997 2327 1061 2391 sibi
1090 2335 1206 2393 tenore
1231 2329 1332 2411 datis,
1368 2354 1427 2394 rex
1451 2330 1493 2394 ab

366 2431 542 2497 obsidione
589 2430 726 2507 recedit,
762 2437 840 2517 post
877 2429 1031 2516 quintam
1067 2430 1232 2494 decimam
1269 2455 1335 2518 qua
1373 2432 1494 2496 civitas

366 2533 506 2599 obsessa
525 2532 635 2598 fueret
649 2532 750 2597 diem.
773 2532 845 2595 Nec
860 2530 968 2595 multo
988 2539 1076 2618 post,
1096 2532 1186 2596 idem
1200 2556 1257 2598 rex
1270 2557 1289 2598 a
1304 2533 1494 2598 Nordman-

367 2637 421 2701 nis
446 2635 710 2722 comprehensus
734 2641 786 2699 est
814 2641 847 2698 et
871 2634 1018 2697 Rodomi
1042 2634 1213 2700 detentus
1244 2636 1345 2720 Hugo
1378 2636 1493 2723 presul

367 2738 580 2804 Altmontem
602 2743 750 2802 castrum
782 2736 954 2814 obsidem,
973 2744 1050 2822 post
1068 2745 1199 2824 septem
1219 2737 1493 2802 serme‘obsidio·

367 2841 422 2906 nis
441 2840 646 2904 ebdomadas
666 2839 796 2925 recipit,
822 2838 982 2902 reddente
1007 2837 1093 2903 illud
1113 2839 1177 2903 sibi
1203 2841 1355 2920 Dodone,
1378 2840 1493 2904 domni

368 2942 504 3008 Artoldi
518 2942 632 3021 fratre,
652 2940 712 3006 tali
727 2940 790 3004 sub
806 2940 1011 3021 conditione,
1031 2950 1070 3005 ut
1088 2942 1195 3005 filium
1211 2944 1318 3029 ipsius
1338 2943 1494 3006 etlilium

367 3045 481 3109 fratris
503 3045 563 3124 sui
578 3043 776 3131 suscipiens
803 3042 892 3106 idem
927 3042 1041 3129 presul
1077 3045 1274 3108 concederet
1297 3045 1345 3108 eis
1370 3053 1494 3108 terram

368 3156 502 3236 patrum
519 3169 668 3211 suorum.
1421 3142 1423 3146 ’

455 3357 523 3422 Lm.
547 3355 789 3436 1V‚c.xxx111.
813 3375 852 3418 un
877 3375 1072 3418 nerunsiosn
1096 3375 1235 3419 nuooms
1260 3375 1410 3419 misceri.

325 3571 347 3614 .·‚
412 3539 540 3603 Videns
562 3545 675 3602 autem
694 3537 794 3622 Hugo
819 3535 935 3623 presul
957 3535 1169 3599 obsidionem
1200 3559 1235 3600 se
1261 3537 1405 3600 tolerare
1425 3559 1492 3599 non

294 3627 311 3677 ”
333 3690 355 3728 ζ,
369 3664 480 3729 posse,
503 3662 612 3727 neque
632 3647 745 3704 tantae
767 3639 923 3703 resistere
944 3638 1167 3718 multitudini,
1189 3640 1325 3703 locutus
1345 3645 1396 3702 est
1416 3662 1493 3702 cum
1531 3699 1536 3708 ,

369 3743 571 3832 quibusdam
602 3740 811 3829 principibus
849 3741 906 3828 qui
942 3740 1144 3804 videbantur
1177 3764 1251 3805 esse
1288 3740 1352 3804 sibi
1380 3741 1491 3817 amici,

370 3845 528 3911 videlicet
551 3867 628 3908 cum
650 3841 807 3923 Amulf0,
833 3843 890 3930 qui
913 3842 984 3929 ejus
1007 3866 1167 3925 sororem,
1197 3853 1231 3908 et
1256 3843 1410 3924 Uddone,
1437 3844 1500 3930 qui.

370 3941 512 4014 amitam
535 3946 643 4034 ipsius
672 3945 819 4009 habebat
845 3969 998 4023 uxorem,
1026 3946 1085 4008 sed
1110 3953 1144 4010 et
1168 3969 1245 4010 cum
1274 3946 1492 4025 Herimanno,

370 4050 523 4118 Uddonis
551 4047 672 4126 fratre,
701 4047 868 4135 quaesivit
884 4047 925 4111 ab
947 4048 996 4112 eis
1022 4048 1103 4133 quid
1122 4048 1187 4111 sibi
1205 4047 1290 4113 loret
1311 4049 1491 4135 agendum.

371 4151 438 4231 Qui
465 4153 533 4216 tale
560 4150 740 4215 consilium
762 4149 928 4213 dederunt
952 4149 994 4226 ei,
1023 4157 1061 4214 ut
1085 4150 1301 4237 egrederetur
1324 4174 1401 4214 cum
1424 4149 1495 4212 suis

371 4263 405 4320 et
419 4254 627 4341 relinqueret
645 4252 775 4331 urbem,
800 4252 877 4338 quia
893 4251 928 4314 id
952 4251 1157 4338 dispositum
1182 4276 1200 4316 a
1221 4252 1359 4339 regibus
1374 4259 1495 4316 eratut

372 4355 576 4421 omnimodis
601 4354 861 4443 expellerentur,
888 4376 996 4440 neque
1022 4353 1224 4417 intervenire
1250 4361 1390 4441 possent
1407 4354 1496 4439 apud

372 4483 469 4547 reges
493 4482 554 4546 pro
572 4457 659 4545 ipso,
686 4457 767 4545 quin
789 4463 985 4520 eruerentur
1006 4456 1036 4518 ei
1057 4456 1157 4537 oculi,
1184 4457 1212 4519 si
1230 4447 1348 4520 urbem
1369 4457 1403 4519 vi
1421 4455 1495 4543 capi
