3800 5642
843 731 1033 775 arenuorces
1436 708 1497 773 187

373 845 529 911 Johanne
550 871 649 936 papa,
672 849 742 915 filio
765 852 904 933 Mariae,
922 876 1008 943 quae
1024 861 1058 918 ct
1080 853 1229 917 Marocia
1242 852 1427 932 dicebatur,
1444 852 1499 915 vel

374 948 417 1014 ab
434 949 574 1014 Albrico
590 953 742 1038 patrici0,
759 954 861 1019 fratre
878 956 986 1042 ipsius
1002 978 1119 1043 papae,
1138 955 1196 1042 qui
1211 954 1354 1018 eundem
1372 954 1500 1019 Johan-

375 1073 453 1115 nem
478 1051 615 1118 fratrem
640 1078 739 1119 suum
765 1056 799 1120 in
828 1079 888 1121 sua
912 1058 1086 1122 detinebat
1108 1064 1289 1144 potestate,
1312 1064 1346 1121 et
1372 1056 1501 1143 predic-

374 1160 446 1218 tam
467 1163 609 1220 matrem
629 1157 780 1244 ipsorum
804 1160 836 1223 in
857 1160 1009 1224 custodia
1025 1160 1176 1225 clausam
1194 1159 1361 1239 servabat,
1385 1159 1501 1244 Hugo-

374 1278 451 1320 nem
480 1280 613 1345 quoque
635 1282 748 1344 regem
774 1262 881 1326 Roma
906 1261 1092 1349 depulerat.
1119 1261 1266 1326 Rodullo
1291 1285 1369 1346 rege
1393 1261 1500 1348 presi-

375 1357 469 1422 dium
499 1358 679 1441 Heriberti,
704 1363 793 1448 quod
816 1364 939 1429 dicitur
965 1362 1150 1428 Castellum
1177 1363 1385 1442 Theoderici,
1413 1363 1502 1426 obsi-

375 1460 489 1542 dente,
511 1464 726 1550 congregatis
745 1465 787 1529 ad
811 1466 896 1529 hanc
912 1466 1125 1530 obsidionem
1145 1466 1320 1529 nonnullis
1340 1463 1501 1529 Franciae

376 1564 432 1627 vel
459 1565 674 1652 Burgundiae
695 1568 900 1654 presulibuS,
922 1569 1048 1633 ibidem
1068 1569 1230 1633 celebrari
1250 1568 1323 1632 visa
1343 1575 1395 1632 est
1413 1569 1501 1630 sino-

376 1666 452 1746 dus,
499 1668 690 1755 presidente
717 1671 826 1735 eidem
866 1670 1043 1735 Teutilone
1067 1671 1256 1736 Turonensi
1288 1670 1441 1735 antistite
1468 1677 1505 1734 et

376 1769 522 1834 Artoldo
550 1772 720 1838 Remensi.
763 1772 895 1860 Quique
923 1780 1005 1837 tunc
1038 1774 1273 1860 Hildegarium
1302 1772 1502 1838 Belvacensi

376 1871 453 1935 urbi
474 1873 641 1937 ordinavit
661 1875 868 1962 episcopum.
887 1875 1016 1939 Eodem
1034 1899 1168 1964 quoque
1186 1900 1286 1956 anne,
1303 1874 1502 1938 Fulbertum

378 1973 633 2040 Cameracensis
645 1977 739 2041 urbis
755 1979 923 2064 presulem
940 1979 1161 2044 consecravit.

424 2189 493 2253 Lie.
521 2189 579 2270 IV,
602 2211 628 2255 c.
653 2213 744 2258 xxvi.
767 2214 806 2256 on
830 2214 1022 2257 necerrroun
1046 2213 1204 2257 cuoowicr
1228 2212 1305 2256 rosr
1328 2211 1458 2254 nomeu

809 2320 945 2364 nooucri
972 2319 1072 2364 arins,

296 2506 361 2565 ales,
424 2484 525 2548 Anno
540 2484 685 2573 denique
702 2485 928 2574 subsequente
946 2486 1106 2549 defuncto
1127 2508 1205 2572 rege
1225 2483 1385 2563 Rodullo,
1404 2483 1504 2569 Hugo

294 2573 501 2680 ῗὲἑωροηιθε
523 2595 723 2652 transmare
744 2589 849 2653 mittit
866 2613 925 2675 pro
942 2579 1156 2652 accersiendo
1173 2587 1370 2666 LudowicO,
1391 2583 1505 2649 llaroli

368 2688 469 2771 lilio,
512 2713 612 2777 quem
657 2715 714 2755 rex
754 2693 919 2755 Alstanus
952 2691 1139 2754 avunculus
1180 2689 1287 2776 ipsius
1321 2687 1502 2757 nutriebat.

380 2793 518 2878 quique,
547 2801 684 2880 accepto
700 2794 918 2879 jurejurando
937 2817 955 2856 a
983 2795 1189 2857 Francorum
1212 2791 1346 2877 legatis,
1371 2789 1505 2869 eumin

381 2894 559 2959 Franciam
576 2896 702 2981 dirigit.
721 2896 784 2961 Cui
807 2898 907 2982 Hugo
928 2896 1097 2982 ceterique
1119 2896 1323 2959 Francorum
1350 2914 1506 2979 proceres

382 2996 423 3061 ad
439 3019 516 3060 eum
532 2998 785 3084 suscipiendum
804 2999 958 3086 profecti,
982 3021 1060 3061 mox
1083 3020 1204 3060 navem
1226 3019 1362 3081 egresso
1376 2996 1411 3058 in
1424 2994 1507 3080 ipsis

382 3098 527 3163 littoreis
548 3101 681 3164 harenis
700 3101 790 3188 apud
813 3101 1000 3164 Bononiam
1021 3123 1094 3164 sese
1117 3099 1347 3175 committunt,
1374 3105 1412 3161 ut
1436 3102 1508 3160 erat

381 3201 550 3287 utrimque
581 3203 772 3290 depactum.
796 3203 877 3267 lnde
906 3202 1107 3266 Laudunum
1141 3201 1306 3264 deductus
1341 3199 1383 3264 ab
1410 3182 1506 3285 ipsis,

382 3303 488 3390 regali
514 3304 746 3398 benedictione
775 3306 913 3385 ditatur,
944 3307 1084 3392 ungitur
1122 3311 1223 3390 atque
1255 3310 1435 3367 coronatur
1467 3300 1508 3363 ab

384 3405 528 3471 Artoldo
566 3409 819 3495 archiepiscopo
853 3409 1067 3495 presentibus
1092 3407 1187 3492 regni
1222 3403 1443 3492 principibus
1476 3409 1510 3465 et

384 3509 551 3596 episcopis
568 3512 715 3597 amplius
736 3511 870 3597 viginti.
898 3511 1121 3596 Episcopatus
1151 3509 1252 3572 etiam
1274 3504 1510 3570 Laudunensis

385 3612 484 3677 datur
508 3613 668 3694 Rodulfo,
686 3613 838 3699 ejusdem
858 3613 923 3677 loci
944 3613 1142 3700 presbitero,
1165 3610 1376 3674 concorditer
1392 3631 1409 3671 a
1425 3606 1509 3670 civi-

384 3715 449 3780 bus
475 3717 546 3780 suis
568 3718 686 3796 electo,
712 3739 813 3803 quem
826 3715 976 3803 prelatus
992 3737 1125 3801 quoque
1143 3712 1313 3777 ordinavit
1326 3709 1509 3796 archiepis-

385 3842 502 3907 copus
525 3819 592 3884 Sed
616 3826 649 3883 et
671 3843 730 3906 per
751 3820 834 3883 alias
858 3819 1037 3881 llemensis
1064 3816 1217 3879 diocesos
1237 3815 1347 3895 sedes,
1368 3818 1509 3900 excepta

387 3921 627 3987 Catalaunensi
647 3929 680 3987 et
699 3921 935 4001 Ambianensi,
961 3920 1113 3983 diversos
1133 3918 1302 3981 ordinavit
1319 3916 1506 4003 episcopos

387 4025 566 4090 Heriberto
608 4025 718 4090 denuo
760 4048 837 4088 cum
874 4024 1017 4109 llugone
1041 4028 1177 4108 pacato,
1231 4019 1383 4082 homines
1419 4017 1510 4100 ejus-

298 4134 345 4193 td,
386 4133 463 4196 dem
486 4129 656 4201 Heriberti
680 4128 813 4192 comitis
837 4126 1008 4212 quoddam
1034 4131 1183 4188 castrum
1209 4121 1387 4185 llemensis
1403 4117 1510 4181 eecle-

296 4203 366 4308 ii'm
387 4235 467 4308 siae,
485 4232 576 4319 quod
601 4231 784 4296 vocabatur
806 4228 994 4307 causostis,
1015 4249 1116 4314 super
1138 4226 1328 4289 Maternam
1351 4222 1507 4299 fluvium,

388 4337 431 4401 ab
452 4334 596 4400 Artoldo
618 4335 750 4422 presule
784 4338 1028 4409 constructum,
1058 4328 1221 4415 prodente
1249 4325 1395 4413 quodam
1415 4321 1510 4384 Wie-

389 4445 498 4526 perto,
515 4437 664 4524 capiunt,
684 4442 718 4500 et
734 4435 975 4521 Ragebertum‚
1000 4429 1136 4494 Artoldi
1152 4427 1318 4515 praesulis
1338 4423 1511 4489 consobri-

388 4563 483 4622 num,
506 4540 565 4627 qui
597 4539 706 4603 eidem
736 4544 866 4626 preerat
900 4534 1092 4611 munitioni,
1119 4528 1420 4617 comprehendunt,
1447 4549 1511 4591 crr-
