3800 5642
875 711 1061 752 APPENfflcES
1466 695 1530 760 209

402 833 562 920 princeps
581 832 831 896 Suessionicam
855 832 972 895 urbem
990 840 1173 918 oppugnat,
1192 843 1333 898 matrem
1356 836 1530 900 eeclesiam

403 959 481 999 eum
507 943 600 1021 parte
620 935 767 998 civitatis
790 935 975 1014 succendit,
998 935 1032 997 in
1058 935 1217 998 Remensi
1240 938 1409 1000 territorio
1433 939 1532 1002 villas

402 1061 480 1101 cum
502 1036 696 1100 hominibus
712 1038 886 1100 succendit
902 1045 935 1100 et
950 1038 1052 1099 multa
1071 1038 1159 1100 mala
1180 1040 1260 1124 agit.
1275 1040 1339 1102 Pro
1359 1040 1481 1126 quihus
1499 1050 1532 1105 et

402 1141 479 1205 aliis
506 1140 634 1219 multis,
659 1147 692 1203 et
719 1141 796 1226 quia
824 1147 964 1202 vocatus
988 1140 1029 1202 ad
1056 1140 1236 1203 concilium
1265 1142 1380 1204 venire
1407 1144 1528 1224 noluit,

402 1267 420 1306 a
442 1243 574 1306 Marino
595 1249 628 1305 et
655 1242 729 1305 aliis
749 1242 917 1328 episcopis
936 1241 1096 1304 Franciae
1119 1250 1152 1304 et
1172 1243 1318 1307 Roberto
1341 1245 1530 1311 Trevirensi

402 1344 560 1432 sequenti
569 1345 698 1430 synodo
711 1344 1023 1407 excommunicatur
1035 1345 1123 1429 apud
1133 1345 1299 1410 Treviros
1311 1346 1529 1413 Caeterorum

401 1470 482 1511 vero
496 1447 732 1533 episcoporum
749 1446 1021 1509 Lothariensium
1039 1455 1073 1509 et
1088 1447 1332 1512 Germanorum
1351 1451 1465 1514 nullus
1484 1452 1529 1514 ibi

400 1549 509 1614 affuit.
534 1549 665 1628 Quibus
688 1549 832 1634 expletis
853 1549 1006 1612 Marinus
1029 1548 1121 1612 vadit
1138 1552 1318 1614 Saxoniam
1348 1552 1390 1615 ad
1411 1576 1529 1618 conse-

401 1652 587 1716 crationem
616 1651 799 1715 Vuldensis
822 1651 1017 1714 monasterii
1041 1659 1073 1714 et
1098 1652 1146 1714 sic
1168 1653 1310 1716 Romam
1334 1657 1525 1723 revertitur.

446 1755 548 1817 Anno
564 1755 718 1840 sequenti
738 1754 882 1816 doninus
903 1754 1074 1839 Agapitus
1094 1777 1179 1840 papa
1195 1755 1328 1820 Romae
1348 1758 1528 1821 concilium

399 1856 530 1936 habuit,
548 1857 582 1919 in
600 1880 666 1942 quo
687 1856 902 1918 confirmavit
916 1879 965 1934 ea,
984 1879 1070 1942 quae
1090 1857 1124 1918 in
1143 1858 1291 1942 praefata
1307 1861 1437 1944 synodo
1455 1870 1527 1924 acta

399 1968 491 2023 sunt.
519 1959 602 2022 Post
621 1958 703 2022 haec
722 1958 913 2021 Ludovicus
934 1966 968 2021 et
996 1959 1095 2044 Hugo
1118 1969 1282 2045 pacantur
1305 1963 1346 2024 ad
1367 1963 1524 2043 invicem,

399 2061 627 2125 mediantibus
639 2068 741 2146 atque
761 2061 948 2145 sequestris
967 2059 1122 2124 Conrado
1140 2062 1236 2138 duce,
1258 2064 1403 2148 Hugone
1421 2065 1528 2151 Nigro

397 2163 612 2227 Adalberone
624 2171 657 2227 et
670 2162 829 2226 Fulberto
841 2164 1020 2248 episcopis
1036 2163 1125 2227 Otho
1136 2187 1268 2250 quoque
1283 2189 1339 2228 rex
1350 2168 1524 2230 Wenedos

397 2273 431 2329 et
461 2267 642 2352 Hungaros
678 2265 741 2328 sibi
772 2265 897 2328 subdit.
933 2267 1158 2351 Berengarius
1195 2268 1332 2353 quidam
1372 2270 1528 2356 princeps
1572 2276 1576 2284 '

398 2368 514 2432 Italiae
532 2391 675 2447 veneno,
697 2377 735 2431 ut
754 2366 869 2446 fertur,
890 2376 1010 2431 necato
1027 2369 1186 2432 Lothario
1207 2393 1286 2456 rege
1304 2372 1393 2456 regis
1410 2373 1527 2459 Hugo-

353 2548 355 2552 Ι
396 2471 449 2533 nis
465 2470 546 2551 filio,
566 2493 621 2534 rex
642 2470 786 2534 efficitur
802 2470 931 2533 ltaliae.
953 2471 1055 2542 Porro
1075 2495 1131 2534 rex
1156 2471 1247 2536 Otho
1265 2473 1402 2559 Papiam
1423 2477 1523 2563 cepit.

397 2572 483 2637 Cum
513 2574 603 2636 enim
633 2574 696 2636 iret
730 2573 762 2634 in
795 2573 939 2650 ltaliam,
969 2573 1173 2659 berengario
1205 2577 1356 2661 praefato
1387 2579 1421 2642 in
1453 2580 1525 2667 ejus

395 2676 545 2738 adventu
561 2676 722 2761 fugiente,
740 2698 795 2737 rex
812 2675 964 2737 eamdem
982 2675 1099 2738 urbem
1113 2677 1311 2762 ingreditur,
1333 2688 1367 2744 et
1384 2706 1522 2747 uxorem

395 2778 546 2840 Lotharii
575 2778 662 2861 regis
690 2778 852 2854 defuncti,
877 2800 1025 2840 sororem
1053 2778 1200 2842 Conradi
1235 2783 1323 2865 regis
1356 2784 1521 2864 Jurensis,

393 2880 573 2966 conjugem
596 2880 724 2965 accepit
745 2878 978 2942 Adelheidam.

436 3087 539 3149 Anno
555 3085 596 3149 ab
612 3085 678 3148 inc.
693 3085 792 3147 Dom.
804 3083 881 3160 952,
891 3083 981 3146 Otho
993 3107 1052 3146 rex
1070 3086 1310 3168 berengarium
1323 3112 1437 3175 regem
1456 3092 1522 3157 Ita-

392 3187 454 3251 liae
470 3195 503 3251 et
518 3194 626 3251 totam
639 3186 702 3250 sibi
720 3186 861 3270 subjecit
880 3185 1023 3249 ltaliam.
1041 3188 1204 3272 Sequenti
1219 3211 1307 3251 anno
1324 3189 1517 3257 Conradum

391 3290 511 3354 ducem
532 3314 551 3353 a
569 3289 694 3353 ducatu
713 3287 983 3351 Lothariensium
1012 3298 1192 3366 remotum,
1217 3291 1439 3376 Mogontiam,
1462 3295 1520 3360 ubi

392 3415 427 3456 se
446 3392 623 3456 Conradus
636 3398 819 3477 receperat,
832 3389 965 3452 obsedit
976 3397 1009 3452 et
1021 3391 1121 3476 cepit,
1135 3400 1168 3454 et
1186 3390 1362 3456 Conradus
1387 3397 1521 3462 Mettim

390 3519 425 3559 se
443 3494 578 3581 recepit.
597 3494 675 3559 Orta
700 3502 751 3556 est
766 3500 880 3556 autem
901 3492 1067 3555 discordia
1090 3493 1170 3556 haee
1190 3494 1277 3556 inter
1297 3495 1465 3561 Othonem
1487 3508 1520 3564 et

390 3598 559 3685 principes
579 3597 664 3683 ejuS,
693 3597 770 3682 quia
797 3594 1020 3680 promittebat
1046 3619 1187 3682 regnum
1207 3597 1276 3658 tilio
1298 3621 1337 3660 ex
1359 3601 1520 3666 moderna

388 3701 530 3788 conjuge
561 3708 652 3776 nato,
680 3697 771 3784 quod
795 3705 978 3784 antequam
1006 3697 1138 3760 Italiam
1168 3708 1327 3789 pergeret
1359 3701 1427 3765 filio
1457 3728 1517 3768 suo

389 3803 539 3868 Liutulfo
562 3801 788 3887 delegaverat,
811 3808 843 3862 et
867 3800 1028 3885 primates
1058 3823 1139 3862 suos
1171 3801 1222 3863 illi
1244 3802 1357 3887 jurare
1382 3804 1514 3871 fecerat.

388 3905 453 3984 Oui
481 3903 665 3975 Liutulsus,
694 3926 770 3966 eum
796 3901 838 3964 ob
872 3901 934 3964 hoc
960 3901 1065 3965 n'iulta
1088 3904 1176 3965 mala
1200 3905 1338 3989 egisset,
1363 3917 1517 3974 mortuus

387 4017 438 4073 est
456 4030 543 4072 anno
557 4005 633 4070 957.
653 4004 849 4068 Pacificavit
865 4011 979 4066 autem
1004 4003 1067 4066 sibi
1091 4027 1147 4067 rex
1168 4004 1360 4071 Conradum
1377 4010 1512 4076 ducem.

430 4113 532 4175 Anno
544 4107 621 4188 953,
631 4106 806 4194 Vigsridus
820 4106 1034 4170 Coloniensis
1046 4107 1225 4194 episcopus
1238 4109 1334 4194 obiit,
1353 4121 1386 4175 et
1401 4114 1514 4177 Bruno

387 4213 488 4278 frater
504 4212 593 4298 regis
610 4209 757 4274 Othonis
767 4208 942 4287 successit,
956 4208 1010 4270 cui
1029 4208 1117 4273 Otho
1134 4233 1273 4295 regnum
1293 4212 1513 4280 lothariense

385 4315 566 4380 commisit.

430 4421 530 4482 Anno
548 4415 590 4480 ab
610 4417 675 4479 inc.
696 4414 795 4477 Doni.
815 4413 880 4477 955
897 4411 981 4475 obiit
1002 4413 1194 4475 ludovicus
1213 4437 1271 4477 rex
1291 4415 1507 4499 Francorum,

385 4528 418 4585 et
438 4520 609 4606 Agapitus
629 4540 714 4604 papa
730 4516 826 4595 obiit,
846 4515 1120 4601 Octavianusque
1138 4516 1312 4595 successit,
1333 4526 1367 4580 et
1384 4519 1511 4585 bellurn

452 4634 541 4676 Laura.
553 4632 693 4674 —Annalec
703 4631 732 4671 de
744 4630 867 4671 Flodoard
1367 4636 1394 4673 14
