3800 5642
853 637 1045 681 Arrnnmcns
1454 619 1518 684 173

385 764 540 851 ipsorum
575 762 772 849 petitionem
807 784 898 824 mare
930 759 1122 838 transierat,
1161 769 1194 824 et
1233 762 1287 825 cui
1319 763 1518 827 fidelitatem

380 865 580 953 juramento
604 864 862 950 promiserantr,
889 869 923 926 et
947 862 1025 948 quia
1051 863 1185 926 mentiti
1206 864 1277 927 Deo
1301 870 1335 927 et
1358 865 1424 951 ipsi
1448 866 1519 952 regi

385 966 545 1045 fuissent,
565 974 599 1031 et
617 966 695 1053 quia
716 988 773 1029 rex
793 988 893 1051 super
912 964 1009 1027 illum
1030 964 1095 1026 nisi
1114 965 1205 1028 Deus
1226 974 1430 1050 regnaturus
1447 990 1516 1031 non

383 1077 489 1149 esset,
506 1068 586 1131 dum
607 1068 678 1154 ipse
701 1067 885 1132 adviveret.
901 1066 995 1129 Vidit
1019 1089 1153 1152 quoque
1174 1067 1357 1131 Artohlum
1385 1070 1516 1155 episco-

386 1194 470 1258 pum
505 1194 524 1233 a
565 1168 751 1255 quattuorb
784 1168 914 1232 clericis
957 1191 997 1231 ex
1040 1167 1189 1253 praefata
1228 1170 1383 1233 incendio
1420 1171 1514 1258 eripi.

386 1270 678 1359 Colloquebaturc
704 1271 805 1333 etiam
823 1271 911 1333 inter
937 1289 973 1332 se
995 1270 1146 1355 praelata
1168 1272 1352 1336 multitudo
1379 1274 1517 1338 clerico-

386 1398 477 1453 rum,
495 1373 585 1459 quod
603 1374 794 1437 sacerdotes
809 1372 871 1435 Dei
890 1396 958 1435 non
976 1371 1144 1437 faciebant
1161 1374 1388 1439 ministerium
1403 1399 1515 1456 suum,

386 1485 423 1540 et
447 1483 603 1539 sanctum
626 1474 859 1548 Lanthertum,
881 1474 915 1536 in
937 1474 1035 1560 cujus
1055 1476 1180 1539 honore
1203 1476 1394 1540 aecclesia‘l
1411 1476 1517 1564 ipsius

386 1578 516 1643 villae⁰
542 1576 694 1640 dedicata
723 1583 786 1654 est,
814 1576 944 1639 audivit
970 1599 987 1638 a
1016 1599 1051 1640 se
1072 1577 1300 1662 requirentem
1326 1578 1383 1642 ubi
1404 1585 1519 1643 essent

387 1679 577 1766 reliquiaef
592 1678 700 1764 ipsius
715 1677 793 1741 loci.
817 1677 930 1742 Unum
949 1685 1064 1741 autem
1083 1702 1124 1741 ex
1143 1679 1226 1764 ipsis
1243 1680 1370 1743 sanctis
1387 1681 1518 1745 clericis

385 1779 650 1869 dejuramentiS‚
664 1791 772 1867 quael
781 1787 849 1843 tam
862 1778 1152 1843 innumerabiliter
1163 1781 1260 1860 liunt,
1273 1783 1518 1868 quaerentem'²

385 1884 532 1962 audivit,
550 1889 583 1947 et
610 1889 766 1946 sanctum
786 1881 972 1945 Martinum
992 1882 1033 1944 de
1050 1882 1154 1968 signis
1175 1905 1277 1968 quare
1294 1908 1362 1947 non
1377 1885 1515 1966 liebant,

386 1986 519 2050 scilicet
543 1984 622 2073 quia
644 1985 716 2047 Deo
744 2006 812 2047 non
847 1983 1002 2069 placebat
1036 1984 1243 2070 loquentem,
1279 1993 1313 2049 et
1347 1988 1517 2072 quomodo

386 2095 520 2152 starent
539 2087 665 2173 majora
685 2085 815 2165 altaria,
834 2086 863 2149 si
883 2086 1014 2149 minora
1034 2086 1236 2150 deciderent.
1260 2088 1517 2176 praecepitquei

385 2189 441 2254 illi
469 2197 606 2258 sanctus
641 2187 856 2267 LantbertuS‚
892 2195 931 2251 ut
960 2210 997 2251 ea
1028 2188 1136 2275 quael
1175 2188 1305 2253 viderat
1331 2196 1514 2256 enarraret.

386 2293 512 2357 Postea
553 2314 630 2355 cum
674 2290 849 2353 venissent
889 2288 930 2353 ad
970 2289 1155 2368 civitatem,
1192 2290 1347 2355 homines
1380 2292 1517 2356 illarum

384 2394 560 2475 villarum,
591 2392 679 2457 inter
711 2415 797 2479 quos
827 2390 1012 2470 habitabat,
1050 2393 1158 2456 Deum
1191 2393 1409 2479 praecaturil
1439 2418 1517 2458 cum

385 2495 545 2561 crucibus
569 2495 665 2573 vidit,
695 2495 834 2558 veniens
868 2516 944 2557 cum
970 2494 1030 2570 eis,
1060 2494 1117 2556 ubi
1158 2496 1444 2581 appropiaverunt
1475 2497 1517 2560 ad

385 2621 523 2662 murum
565 2597 713 2662 civitatis
746 2598 857 2683 ipsum
898 2620 1033 2659 murum
1069 2596 1310 2661 daemonibusl
1343 2606 1511 2686 opertum.

389 2702 534 2764 Beatum
568 2723 647 2763 vero
679 2699 872 2783 Remigium
900 2706 934 2762 et
963 2705 1120 2761 sanctum
1150 2699 1334 2763 Martinum
1366 2701 1407 2765 de
1436 2701 1517 2765 loris

385 2802 517 2866 eisdem
531 2801 687 2866 crucibus
698 2800 886 2875 obviantes
900 2801 943 2863 ad
956 2823 1040 2887 quos
1052 2800 1234 2865 daemones
1243 2813 1263 2841 ”¹
1276 2802 1514 2888 loquebantur,

385 2905 540 2969 dicentes
576 2904 667 2991 quod
695 2927 810 2966 corum
843 2903 949 2965 baeer
979 2902 1060 2965 urbs
1093 2911 1194 2983 esset,
1226 2927 1264 2967 eo
1291 2905 1382 2991 quod
1417 2928 1517 2992 opera

386 3008 540 3093 ipsorum
573 3005 657 3069 inibi
687 3005 827 3081 fierent;
856 3004 1055 3090 audivitque
1085 3004 1221 3069 beatum
1253 3007 1447 3092 Remigium
1473 3007 1518 3071 ad

386 3110 482 3195 ipsos
514 3108 682 3172 dicentem
703 3108 794 3192 quod
811 3130 848 3170 ea
870 3107 936 3185 die,
974 3129 1073 3192 opera
1105 3107 1178 3187 Dei,
1210 3108 1253 3171 ad
1279 3108 1365 3171 hanc
1397 3107 1518 3172 urbem

386 3211 598 3275 accederent.
629 3208 694 3287 Qui
721 3210 819 3297 quasi
843 3209 1024 3272 lacrimans
1048 3220 1073 3283 ⁰,
1106 3215 1139 3272 et
1164 3210 1270 3273 tristis
1293 3233 1370 3273 cum
1401 3218 1518 3274 sancto

386 3311 537 3377 Martino
566 3311 685 3376 urbem
714 3312 888 3397 ingressus
915 3318 980 3390 est,
1009 3319 1043 3374 et
1066 3319 1182 3397 postea
1213 3312 1305 3399 ipsos
1334 3335 1402 3376 non
1431 3312 1517 3376 vidit

385 3414 496 3479 donec
510 3416 545 3478 in
561 3414 787 3491 aecclesiaml’
808 3414 948 3493 introiit,
972 3413 1085 3499 ibique
1105 3414 1226 3477 iterum
1241 3437 1298 3477 eos
1320 3415 1403 3477 vidit
1419 3413 1518 3499 quasi

386 3518 478 3581 flexo
497 3540 587 3604 genu
611 3524 758 3580 orantes,
784 3518 867 3580 Post
900 3516 1020 3593 haece,
1050 3515 1115 3579 alia
1139 3516 1223 3595 vice,
1252 3516 1336 3579 vidit
1362 3524 1517 3579 sanctum

388 3620 531 3683 Petrum
546 3625 579 3683 et
599 3627 754 3683 sanctum
775 3618 960 3681 Martinum
978 3618 1221 3704 praecipientes
1237 3619 1301 3682 sibi
1325 3625 1363 3681 ut
1387 3619 1518 3682 veniret

384 3721 430 3785 ad
451 3721 644 3808 Hugonem,
674 3720 782 3783 lilium
805 3720 975 3783 lleribcrti
999 3721 1145 3801 comitis,
1174 3722 1228 3783 cui
1258 3728 1337 3784 lunc
1369 3721 1518 3784 redditus

327 3851 329 3856 ¹
385 3830 459 3887 erat
487 3823 702 3910 episcopatus
741 3822 929 3901 hamensis,
964 3830 998 3885 et
1033 3823 1160 3886 diceret
1190 3823 1220 3886 ei
1251 3833 1288 3887 ut
1325 3823 1519 3909 prohiberet

382 3931 576 4011 juramenta
611 3935 720 4011 quaet
758 3932 807 3987 tot
846 3924 983 4004 habant,
1024 3931 1058 3988 et
1097 3925 1243 3988 maxime
1276 3926 1338 3989 Dei
1369 3948 1517 3989 amorem

419 4146 446 4209 a)
464 4146 651 4208 praemiserant
662 4145 729 4206 (sic).
745 4149 768 4191 2⁶
779 4145 819 4193 eu.
838 4146 945 4192 Pithon.
959 4172 989 4179 -
1002 4145 1029 4202 bt
1046 4148 1169 4206 quatuor,
1182 4145 1222 4193 e'd.
1239 4146 1345 4193 Pithon.
1355 4173 1385 4180 —
1398 4147 1421 4201 cl
1431 4146 1519 4193 Collo-

387 4209 625 4273 quebanlurcorr.
638 4222 670 4255 en
682 4208 903 4269 Colloqucbatur‚
916 4210 947 4255 sl.
963 4234 992 4241 -—
1005 4209 1030 4267 (l)
1043 4209 1164 4269 ecclesia,
1179 4210 1210 4265 A,
1219 4208 1389 4266 ecclcsia,e‹l.
1410 4209 1516 4255 Pithon.

386 4300 415 4309 -
447 4271 471 4334 e)
493 4270 609 4331 villan.
627 4297 658 4305 -
678 4269 701 4331 f)
721 4270 842 4331 reliquie.
862 4271 892 4317 ,1.
907 4298 937 4304 -
950 4270 977 4331 φ
989 4286 1049 4331 (μιᾳ
1067 4271 1145 4317 ‚1l.-
1163 4270 1188 4331 b)
1209 4274 1377 4331 querentem,
1393 4271 1430 4327 .l;
1451 4286 1517 4331 quc-

386 4337 505 4390 rentem,
527 4331 741 4381 6d.Pit110u.-
763 4331 1025 4393 i)p1·ecipitquc,A.
1044 4359 1074 4366 -
1087 4331 1111 4394 j)
1135 4348 1197 4394 quq,
1218 4333 1249 4378 A.
1272 4360 1302 4366 -
1325 4333 1348 4393 lq
1373 4333 1517 4392 precaturi,

384 4397 427 4446 ed.
445 4395 556 4444 Pithon.
571 4421 601 4429 -
615 4393 633 4456 l)
646 4394 817 4455 (lanionibus.
831 4396 862 4441 A.
874 4422 905 4429 -
919 4395 954 4455 m)
968 4394 1106 4455 (ternanos,
1118 4397 1148 4442 Α.
1160 4422 1189 4429 -
1204 4395 1230 4454 η)
1245 4395 1302 4455 hec,
1315 4394 1346 4440 n.
1358 4420 1382 4428 -
1397 4396 1421 4455 o)
1434 4394 1520 4456 lacry-

386 4474 476 4518 manS,
487 4456 530 4505 td.
543 4456 650 4504 Pithou.
660 4483 690 4491 -—
695 4457 724 4519 p)
740 4456 892 4518 eeclesiam,
905 4458 936 4504 Α.
948 4483 980 4490 -
992 4457 1020 4519 q)
1030 4457 1088 4517 hec,
1102 4458 1134 4505 A.
1148 4485 1178 4492 —
1190 4466 1213 4517 r)
1227 4472 1288 4518 quq,
1305 4456 1337 4504 A.
