3800 5642
397 666 462 732 214
864 687 1052 731 APPENDICES
1088 730 1091 734 .

396 809 621 873 Tholosanam
645 808 854 893 provinciam
875 817 988 893 petere
1016 812 1264 896 compulerunt.
1284 810 1352 876 Ubi
1371 807 1521 896 prefatus

397 910 654 996 Berengariusa
676 911 745 973 suis
764 912 951 997 perimitur,
970 920 1002 976 et
1023 912 1068 976 ita
1088 912 1198 976 Gallia
1218 912 1261 977 ab
1276 935 1395 976 eorum
1415 911 1519 976 infes-

395 1014 523 1077 tatione
546 1011 719 1077 liberatur.

251 1107 299 1164 ld,
318 1110 372 1154 ⁹³¹·
441 1118 542 1179 Anno
560 1115 700 1201 proinde
712 1116 806 1201 regni
815 1116 936 1201 prefati
952 1116 1041 1202 regis
1053 1117 1187 1180 Rodulfi
1201 1117 1320 1203 quinto
1334 1116 1521 1181 Herbertus

395 1218 699 1284 Vermendensium
721 1241 835 1281 comes
855 1218 978 1282 defecit
995 1219 1037 1281 ab
1058 1219 1129 1284 illo.
1150 1219 1221 1282 Rex
1240 1242 1321 1282 vero
1340 1219 1519 1297 Rodulsus,

391 1324 511 1410 juncto
525 1320 589 1383 sihi
606 1321 749 1406 Hugone
760 1320 895 1406 Magno,
908 1320 1158 1408 quoddamejus
1171 1321 1350 1385 castellum
1367 1321 1522 1384 Donnin-

395 1448 472 1489 cum
492 1423 629 1487 nomine
645 1422 734 1508 cepit
749 1429 783 1484 et
803 1423 919 1487 diruit.
940 1424 1045 1486 Porro
1071 1431 1166 1487 sexto
1188 1424 1282 1509 regni
1304 1424 1414 1509 ipsius
1435 1446 1522 1487 anno

250 1532 299 1591 ld„
318 1539 371 1581 932·
397 1525 608 1590 Raimundus
628 1531 661 1587 et
681 1524 980 1611 HerminigauduS,
1008 1525 1237 1610 potentissimi
1265 1525 1412 1589 Gothiae
1434 1525 1524 1611 prin-

396 1629 500 1714 cipes,
524 1649 656 1689 necnon
686 1633 718 1688 et
743 1627 858 1712 Lupus
884 1627 1095 1690 Wasconum
1118 1651 1232 1691 comes
1263 1628 1353 1713 regis
1383 1627 1523 1692 vassalli

396 1731 599 1795 alliciuntur.
615 1728 680 1792 Sed
696 1736 729 1792 et
739 1729 869 1792 Vienna
883 1729 1004 1793 civitas
1020 1729 1236 1816 Burgundiae
1247 1729 1299 1792 illi
1310 1730 1443 1793 reddita
1458 1740 1520 1794 est.

397 1834 461 1897 Per
484 1833 575 1895 idem
594 1831 697 1894 etiam
719 1839 855 1916 tempus
879 1855 993 1895 comes
1007 1833 1284 1895 Normannorum
1301 1831 1520 1910 Guillelmus,

252 1947 366 2005 1d.,933.
398 1935 554 2000 Rollonis
574 1933 676 2013 filius,
699 1932 849 2019 sepefato
870 1934 942 2018 regi
965 1934 1111 1997 Rodulfo
1138 1958 1173 1997 se
1196 1934 1369 1998 commisit
1387 1936 1523 2021 proprio

397 2046 488 2102 voto.

254 2154 302 2211 ut,
317 2157 370 2198 931.
445 2142 545 2203 Anno
583 2163 662 2202 vero
694 2139 941 2202 incarnacionis
972 2139 1160 2203 dominicae
1190 2138 1267 2216 931,
1293 2139 1467 2202 Brittones
1489 2140 1523 2202 in

397 2242 512 2306 Cornu
530 2242 660 2305 Galliae
676 2241 864 2318 constituti,
883 2241 1045 2304 adversus
1068 2242 1285 2305 Normannos
1301 2240 1428 2327 quibus
1446 2241 1524 2305 suh-

395 2345 457 2408 diti
480 2352 575 2407 erant
594 2345 822 2427 insurgentes,
845 2342 965 2407 ducem
983 2344 1119 2406 illorum
1144 2345 1402 2407 interemerunt.
1425 2343 1524 2421 Quod

395 2448 537 2511 audiens
570 2445 768 2510 Willelmus
797 2446 1025 2508 Normanniae
1049 2446 1220 2533 princeps,
1243 2453 1370 2509 terram
1387 2446 1523 2509 illorum

398 2549 568 2612 hostiliter
588 2549 718 2612 intrans
734 2548 861 2611 duriter
882 2547 1085 2612 devastavit.
1109 2549 1154 2611 Et
1176 2548 1420 2632 Berengerium
1447 2548 1524 2633 qui-

395 2651 484 2727 dem,
507 2674 623 2714 eorum
644 2650 764 2713 ducem
782 2650 1070 2735 potentissimum,
1090 2650 1154 2713 sibi
1174 2649 1418 2713 reconciliavit.
1441 2650 1524 2713 Ala-

397 2776 478 2816 num
503 2776 594 2825 vero,
617 2752 762 2816 alterum
781 2753 900 2815 ducem
925 2752 1074 2829 illorum,
1094 2777 1111 2815 a
1129 2760 1216 2816 terra
1243 2751 1386 2837 fugavit,
1417 2760 1451 2815 et
1476 2752 1524 2815 sic

397 2863 504 2919 totam
526 2855 735 2918 Britanniam
749 2856 859 2917 deriuo
874 2854 938 2918 sibi
954 2855 985 2917 vi
1005 2855 1203 2921 vindicavit.

279 2972 357 3032 Hugo
445 2959 517 3020 Rex
538 2980 617 3020 vero
648 2956 816 3020 Rodulfus
849 2981 937 3020 anno
968 2958 1211 3020 incarnationis
1238 2958 1429 3021 dominicae
1459 2956 1525 3023 936

237 3062 377 3119 Πᾶν-936·
397 3062 468 3124 sine
495 3058 610 3122 liberis
637 3068 689 3123 est
717 3059 907 3124 defunctus.
943 3060 1041 3137 Quod
1076 3060 1217 3123 audiens
1240 3083 1300 3122 rex
1328 3060 1525 3146 Anglorum

394 3163 578 3240 AltannuS,
605 3162 781 3225 Willelmo
811 3162 954 3248 principi
982 3163 1256 3225 Normannorum
1285 3162 1419 3247 legatos
1446 3185 1524 3226 cum

396 3265 590 3327 muneribus
610 3265 715 3342 misit,
736 3272 773 3327 ut
797 3264 1040 3350 Lugdovicum,
1060 3264 1174 3327 Karoli
1199 3264 1372 3349 Simplicis
1400 3264 1523 3338 filium,

395 3396 471 3435 eum
506 3372 648 3434 consilio
684 3394 858 3457 procerum
892 3371 1098 3435 Francorum
1136 3371 1242 3458 patris
1275 3379 1452 3435 revocaret
1490 3371 1548 3435 iu·

396 3497 548 3560 regnum.
570 3474 668 3551 Quod
687 3474 744 3536 ille
762 3480 934 3557 gratanter
957 3475 1105 3559 suscepit
1128 3481 1161 3536 et
1183 3472 1327 3536 feliciter
1344 3496 1526 3537 consuma-

397 3576 457 3640 vit.
477 3576 562 3640 Cum
580 3577 723 3661 Hugone
742 3576 830 3638 enim
851 3575 976 3661 Magno
995 3584 1027 3638 et
1051 3576 1174 3639 comite
1196 3574 1363 3638 Herberto
1380 3576 1527 3661 aliisque

397 3679 601 3741 Francorum
630 3677 823 3764 proceribus
849 3677 1015 3764 prefatum
1035 3678 1197 3763 juvenem
1228 3673 1318 3763 apud
1346 3678 1526 3742 Boloniam

395 3781 479 3867 ipsis
498 3782 599 3842 maris
614 3780 785 3844 littoribus
802 3782 995 3867 contiguam
1014 3780 1173 3867 suscepit,
1192 3786 1225 3843 et
1239 3803 1347 3865 usque
1367 3781 1411 3844 ad
1427 3804 1526 3843 mon-

398 3890 464 3945 tem
482 3882 679 3945 Laudunum
696 3883 863 3969 perduxit.
887 3883 923 3946 ln
944 3884 1102 3946 cathedra
1124 3906 1203 3945 vero
1224 3882 1399 3947 Romanae
1420 3883 1527 3946 eccle-

397 3984 465 4047 siae
490 3984 636 4048 Johanni
657 4009 762 4071 papae
784 3987 863 4066 Leo,
892 3993 925 4049 et
949 3986 1053 4049 Leoni
1075 3986 1270 4071 Stephanus
1293 3991 1329 4048 et
1350 3985 1525 4072 Stephano

396 4087 575 4164 Martinus,
598 4096 631 4150 et
645 4088 791 4151 Martino
812 4089 975 4151 successit
997 4088 1179 4174 Agapitus.
1204 4088 1276 4150 Hoc
1296 4094 1449 4173 preterea
1465 4088 1525 4151 llo-

396 4198 535 4253 ruerunt
555 4189 589 4252 in
613 4198 764 4277 tempore
784 4191 905 4253 famosi
924 4189 1055 4254 Galliae
1076 4189 1225 4276 episcopi
1245 4188 1421 4253 Adalbero
1437 4190 1524 4254 Met-

395 4293 502 4356 tensis
518 4300 551 4355 et
564 4292 745 4356 Fulbertus
759 4294 991 4357 Carnotensis.

441 4395 657 4479 Lugdovicus
676 4397 790 4481 igitur,
815 4396 929 4459 Karoli
948 4395 1038 4459 filius
1061 4395 1243 4481 Simplicis,
1272 4401 1456 4458 coronatus
1474 4400 1524 4457 est

327 4514 329 4518 ’
395 4496 509 4560 favore
526 4497 731 4584 prefatorum
755 4499 946 4585 principum
971 4496 1012 4561 ab
1033 4498 1178 4561 Artoldo
1202 4497 1389 4559 Remorum
1415 4496 1522 4560 archi·
