3800 5642
387 668 451 732 202
853 689 1041 733 arraumcns

387 810 525 875 Nudum
541 833 620 897 ergo
640 834 716 875 eum
738 811 771 874 in
792 812 902 875 medio
921 813 1068 898 positum
1089 813 1223 898 sagittis
1242 815 1424 902 appetiere,
1446 837 1497 878 nec

388 914 508 977 saltem
524 920 634 977 cutem
656 913 834 978 valuerunt
853 937 1019 1000 rumpere.
1040 915 1249 981 Resiliebant
1272 918 1315 981 ab
1340 917 1413 1002 ejus
1437 940 1499 981 cor-

389 1039 467 1102 pore
496 1016 651 1101 sagittae,
678 1017 774 1102 quasi
801 1017 843 1081 ab
876 1018 1055 1082 adamante
1085 1019 1251 1105 repulsae,
1289 1043 1351 1084 nec
1374 1020 1501 1104 signum

388 1118 524 1206 aliquod
540 1119 722 1206 apparebat
737 1119 770 1182 in
781 1126 868 1183 cute.
883 1119 1005 1183 Gladio
1018 1144 1094 1185 eum
1111 1123 1289 1185 cumomni
1304 1128 1431 1186 conatu
1445 1121 1502 1184 nisi

388 1229 467 1285 sunt
483 1228 667 1307 percutere,
695 1229 728 1284 et
745 1221 966 1286 nihilominus
983 1246 1059 1286 caro
1080 1223 1280 1288 intemerata
1308 1223 1500 1311 permansit.

389 1323 553 1388 Radulfus
576 1323 728 1387 lunensis
754 1323 946 1410 Cisalpinae
971 1324 1102 1389 Galliae
1121 1349 1181 1390 rex
1203 1327 1306 1407 obiit3
1333 1326 1503 1391 Conradus

262 1435 360 1482 chron.
390 1426 551 1491 succedit.
566 1426 665 1511 Hugo
677 1448 810 1511 quoque
824 1426 964 1490 Roberti
976 1427 1066 1491 filius
1081 1451 1229 1492 sororozn
1246 1428 1407 1506 Othonis,
1423 1429 1504 1515 regis

274 1538 336 1585 niv.
387 1528 536 1595 Heinrici
560 1527 677 1609 liliam,
700 1528 839 1592 sortitur
858 1553 1011 1593 uxorem.
1038 1534 1136 1596 Anno
1157 1532 1305 1595 secundo
1334 1531 1502 1605 Ludovici,

387 1632 446 1695 lilii
474 1630 585 1696 Caroli
609 1630 791 1716 Simplicia,
828 1630 1003 1695 ordinatus
1030 1639 1082 1696 est
1115 1633 1261 1699 domnus
1311 1633 1504 1699 Fulcherius

385 1733 490 1798 abbas
508 1732 785 1813 Flaviniacensis,
800 1733 857 1820 qui
872 1733 974 1799 etiam
985 1735 1073 1798 rexit
1092 1735 1298 1802 Divionense
1313 1736 1503 1822 quindecim

239 1832 295 1880 Ser.
310 1833 372 1882 abb.
387 1836 496 1899 annis.
517 1835 580 1899 Hic
602 1843 720 1900 octavo
745 1857 833 1898 anno
849 1835 1025 1922 regiminis
1048 1837 1306 1903 Hierosolimam
1337 1836 1504 1925 proiectus

270 1935 343 1983 l'lav.
389 1946 451 2016 est,
484 1937 635 2023 reliquiis
666 1937 822 2023 pretiosis
854 1947 1009 2001 reversus
1033 1938 1154 2003 ditavit
1192 1940 1370 2003 ecclesiam
1398 1963 1501 2003 suam.

387 2038 481 2105 Obiit
495 2048 613 2126 quarto
636 2039 803 2103 lialendas
832 2039 925 2118 Maii,
948 2040 1002 2104 oui
1028 2042 1189 2109 successit
1208 2042 1290 2105 Milo
1308 2042 1505 2128 Magabren-

388 2146 447 2225 siS,
466 2151 498 2207 et
513 2142 729 2229 privilegium
747 2165 764 2205 a
780 2165 864 2227 papa
885 2128 1051 2228 optinuit..

432 2247 533 2309 Anno
558 2244 634 2310 939.
665 2245 853 2308 Bernuinus
888 2244 1112 2308 Virdunensis
1136 2246 1316 2333 episcopus
1340 2245 1446 2325 obiit;
1475 2254 1504 2309 et

389 2348 625 2412 Lotharienses
644 2346 812 2411 Othonem
830 2370 943 2434 regem
969 2371 1067 2410 suum
1084 2348 1255 2429 deserunt,
1283 2357 1317 2413 et
1335 2349 1504 2413 Ludovioo

387 2474 422 2514 se
441 2451 651 2513 committere
673 2456 802 2533 parant,
823 2450 880 2535 qui
891 2472 949 2512 eos
969 2449 1312 2535 reciperedistulitob
1324 2451 1504 2515 amicitiam

386 2559 519 2639 pactam
532 2552 621 2614 inter
640 2574 675 2614 sc
691 2557 724 2615 et
740 2550 922 2616 Othonem.
934 2552 1061 2615 lterum
1075 2576 1208 2640 quoque
1229 2576 1384 2639 proceres
1401 2553 1502 2639 regni,

386 2655 598 2719 Gislebertus
618 2652 686 2716 dux
703 2660 736 2716 et
749 2654 889 2717 comites
906 2653 1136 2740 quamplures,
1156 2656 1197 2718 ad
1221 2679 1296 2719 eum
1319 2656 1460 2719 veniunt
1475 2662 1504 2717 et

386 2781 421 2820 se
441 2756 489 2820 illi
510 2755 737 2818 committunt.
762 2755 920 2841 Episcopi
940 2779 1019 2819 vero
1041 2755 1208 2820 Othonem
1230 2780 1297 2825 non
1317 2756 1501 2835 deseruere,

385 2859 443 2946 qui
461 2880 576 2921 eorum
604 2879 718 2920 secum
745 2857 916 2921 detinebat
943 2858 1148 2924 obsidatum.
1175 2857 1240 2935 Qui
1255 2859 1376 2922 Rheno
1396 2867 1503 2923 trans·
1543 2936 1548 2948 ι

386 2962 489 3023 misso
524 2982 663 3042 regnum
693 2959 911 3023 Lothariense
935 2960 1130 3046 perlustrat,
1155 2968 1189 3025 ct
1215 2960 1382 3031 incendiis
1413 2983 1505 3047 prae·

385 3065 504 3149 disque
529 3062 693 3148 quaedam
720 3061 790 3125 loca
819 3063 985 3126 devastat.
1009 3062 1057 3126 Eo
1087 3071 1200 3128 autem
1230 3071 1325 3126 trans
1353 3063 1504 3127 Rhenum

386 3189 549 3250 regressO,
570 3165 760 3228 Ludovious
778 3165 1026 3227 Vir-dunensem
1047 3166 1131 3251 petit
1154 3188 1290 3251 pagum,
1313 3172 1348 3229 et
1365 3165 1504 3252 quibus-

386 3271 462 3333 dam
478 3268 645 3354 opiscopis
656 3266 898 3354 etprimatibus
911 3267 1065 3354 receptiS,
1084 3267 1274 3332 revertitur.
1296 3266 1504 3333 Gislebertus

385 3372 453 3435 dux
471 3380 562 3435 trans
585 3371 741 3434 Rhenum
769 3369 966 3454 praedatum
994 3369 1175 3456 prolectuS,
1205 3370 1284 3435 dum
1310 3371 1501 3449 revertitur,

385 3473 639 3561 insequentibus
660 3495 695 3536 se
713 3471 926 3551 adversariiS,
947 3472 981 3534 in
998 3472 1129 3535 Renum
1150 3496 1228 3536 cum
1243 3495 1329 3560 equo
1347 3473 1501 3550 insilivit,

385 3586 418 3640 et
435 3584 593 3640 enecatus
611 3576 699 3638 ultra
716 3574 853 3660 reperiri
865 3597 930 3637 non
949 3575 1071 3658 potuit.
1083 3573 1247 3638 Relictam
1264 3575 1503 3661 ejus‚0th0nis

385 3681 474 3764 regis
494 3701 653 3756 sororem,
673 3677 865 3740 Ludovious
885 3676 1014 3763 accepit
1043 3699 1194 3741 uxorem.
1222 3679 1392 3743 Ducatum
1416 3678 1502 3743 Otho

385 3782 524 3867 {recepit
538 3781 627 3844 Otho
641 3804 719 3842 vero
735 3788 875 3843 cunctos
893 3779 932 3842 ad
952 3802 987 3841 se
1001 3779 1108 3842 redire
1124 3779 1234 3864 coegit
1251 3780 1500 3858 lotharienses,

384 3892 416 3947 et
436 3884 589 3970 sequenti
609 3906 696 3945 anno
717 3882 909 3946 Conradum
929 3882 1145 3966 burgundiae
1168 3905 1281 3965 regem
1302 3882 1381 3946 dolo
1403 3883 1501 3970 oepit,

386 3986 599 4073 reliquosque
617 3985 775 4071 primates
793 3984 857 4046 sibi
874 3982 1073 4069 pacificavit.

429 4090 529 4150 Anno
546 4086 622 4163 tto,
650 4086 833 4149 indictione
857 4085 910 4166 13,
934 4085 1155 4150 intronizatus
1176 4093 1227 4149 est
1252 4087 1285 4150 in
1309 4087 1504 4172 pontificatu

384 4190 607 4253 Virduncnsis
627 4189 720 4252 urbis
737 4188 769 4250 in
793 4187 943 4272 partibus
959 4187 1124 4251 Saxoniae
1142 4211 1182 4251 ex
1197 4195 1397 4274 magnatum
1412 4197 1503 4255 ortus

383 4293 537 4379 prosapia
554 4293 697 4354 domnus
717 4290 952 4373 berengarius
974 4297 1007 4352 et

518 4395 642 4457 Factus
663 4391 839 4479 apostolici
860 4415 998 4454 consors
1016 4399 1049 4455 et
1068 4414 1206 4476 compar
1221 4391 1359 4455 honoris

517 4496 630 4561 Laude
645 4495 725 4558 cleri
744 4503 777 4557 et
800 4494 927 4581 populi,
950 4492 1046 4557 duxit
1066 4493 1286 4579 apostolicam

514 4598 625 4662 Factis
638 4604 672 4660 ct
691 4596 826 4659 nomine
851 4595 968 4658 vitam.
