3800 5642
859 705 1047 773 arruuurcus
1451 681 1511 747 199

392 828 507 892 missis
522 827 649 892 nuntiis
666 851 782 914 pacem
800 827 879 891 fecit
894 850 972 891 cum
987 827 1120 906 Carolo,
1141 827 1286 890 reddens
1301 826 1351 890 illi
1365 827 1513 891 Attinia-

392 953 481 1011 cum,
503 939 538 995 et
549 930 744 994 muneribus
760 930 930 994 honorans
947 930 1055 992 illum.

347 1073 359 1105 r.
435 1035 537 1098 Anno
558 1031 634 1114 929,
649 1034 821 1097 lohannes
837 1055 923 1119 papa
942 1033 972 1095 X
994 1032 1029 1094 in
1042 1031 1191 1096 custodia
1214 1030 1419 1118 defungitur.
1433 1033 1513 1097 Sue-

394 1136 483 1200 cedit
500 1135 673 1201 Johannes
697 1136 768 1199 Xl.‘
781 1134 921 1200 Carolus
939 1157 1073 1222 quoque
1096 1135 1184 1220 apud
1207 1135 1397 1198 Paronnam
1415 1135 1510 1214 obiit,

390 1237 449 1324 qui
471 1239 620 1301 animam
636 1260 705 1300 non
720 1260 841 1323 eorpus
861 1237 1014 1301 custodia
1029 1237 1167 1303 exemit.
1193 1236 1256 1301 Hie
1272 1236 1352 1299 durn
1369 1236 1510 1312 viveret,

376 1340 545 1426 -Simplex
560 1340 671 1404 dictus
699 1347 751 1403 est
774 1339 817 1404 ob
837 1339 1082 1424 benignitatem
1111 1339 1227 1418 animi,
1258 1362 1349 1403 nunc
1374 1347 1512 1403 sanctus

390 1450 480 1507 reete
505 1449 617 1528 potest
637 1443 762 1520 vocari,
782 1442 942 1528 quoniam
965 1441 1090 1527 injuste
1110 1441 1152 1504 ab
1174 1441 1368 1504 inlidelibus
1388 1441 1458 1504 suis
1479 1449 1513 1505 et

389 1544 546 1631 perjuriis
571 1545 673 1630 longo
697 1546 839 1608 carceris
864 1544 1020 1631 squalore
1044 1544 1200 1623 alllictuS,
1225 1544 1446 1607 transmissus
1461 1550 1513 1608 est

390 1650 479 1710 vitae
496 1654 690 1733 perpetuae.
712 1647 775 1710 Hic
794 1646 931 1732 reliquit
955 1646 1061 1710 filium
1083 1646 1293 1715 Ludovicum
1315 1646 1512 1711 Ultramari-

390 1772 472 1813 uum
484 1771 526 1811 ex
536 1749 685 1836 Eadgiva
696 1749 886 1834 Anglorum
896 1750 985 1835 regis
997 1748 1062 1811 lilia
1075 1748 1349 1835 susceptum,qui
1360 1755 1513 1812 metuens

389 1850 519 1914 involvi
545 1851 748 1915 calamitatis
771 1851 899 1937 patriae
927 1850 1097 1937 procellis,
1129 1851 1170 1914 ad
1201 1850 1334 1936 Anglos
1361 1851 1512 1915 Saxones

390 1959 561 2018 maternae
580 1953 753 2018 affinitatis
772 1953 878 2040 gratia
900 1977 936 2016 se
959 1953 1114 2018 eontulit.
1141 1952 1326 2017 Herbertus
1353 1961 1386 2016 et
1411 1955 1511 2040 Hugo

388 2056 530 2120 comites
568 2063 684 2120 contra
720 2056 900 2136 Bosonem,
941 2055 1075 2120 Rodulfr
1114 2056 1203 2141 regis
1242 2056 1392 2134 fratrem,
1433 2080 1511 2142 pro-

387 2158 596 2238 ficiscuntur,
619 2158 838 2245 quamobrem
860 2158 947 2221 Boso
975 2158 1137 2222 lleinrico'
1156 2181 1273 2244 pacem
1288 2156 1400 2242 jurare
1418 2182 1511 2222 eom-

386 2260 537 2348 pellitur.
578 2260 747 2324 Adalbero
790 2261 995 2325 Mettensem
1033 2261 1265 2347 episcopatum
1298 2261 1508 2347 adipiseitur,

391 2363 543 2426 Bennoni
567 2363 700 2428 abbatia
729 2363 873 2451 quadam
906 2386 1064 2427 concessa
1095 2363 1353 2427 sustentationis
1380 2371 1506 2428 tenore.

387 2465 469 2529 Viae
487 2465 628 2551 Alpium
650 2474 729 2529 tunc
747 2489 807 2552 per
819 2465 1022 2530 Sarracenos
1038 2465 1207 2544 obsessae,
1234 2489 1251 2528 a
1270 2465 1392 2553 quibus
1412 2467 1510 2530 multi

387 2568 531 2631 Romam
559 2568 607 2631 ire
628 2569 780 2632 volentes
805 2568 959 2655 impediti
983 2575 1208 2632 revertuntur.
1230 2569 1311 2631 Post
1333 2568 1396 2632 hoc
1421 2571 1509 2633 Boso

386 2668 499 2748 frater,
519 2692 598 2755 rege
614 2671 773 2734 Heinrico
784 2671 913 2750 relicto,
934 2670 976 2734 ad
993 2669 1175 2733 Rodullum
1190 2671 1286 2733 redit.
1332 2688 1335 2693 ’

429 2772 533 2835 Anno
545 2771 607 2835 932
622 2773 811 2836 bernuinus
820 2773 1043 2836 Virdunensis
1059 2773 1249 2859 episeopuS,
1263 2781 1296 2836 et
1308 2774 1395 2837 Boso
1409 2772 1455 2837 fra
1463 2783 1510 2838 ter

386 2873 487 2959 regis,
507 2897 566 2937 rex
588 2873 718 2940 Galliae
739 2898 825 2961 quae
851 2875 1002 2939 Comata
1020 2875 1153 2955 dicitur,
1174 2876 1339 2939 incendiis
1365 2875 1454 2940 inter
1473 2901 1509 2940 se

385 2975 771 3063 depraedationibusque
805 2977 1028 3058 bacchantur,
1061 2978 1280 3064 quamobrem
1318 2979 1398 3042 urbs
1435 2980 1507 3065 ipsa

386 3078 533 3143 multum
553 3077 618 3142 fuit
634 3078 768 3143 alllicta.

341 3220 381 3252 nn.
429 3181 531 3244 Anno
552 3181 707 3267 sequenti
724 3181 853 3245 Vienna
877 3181 1023 3245 Rodulfo
1044 3183 1114 3269 regi
1130 3183 1286 3262 traditur,
1307 3192 1340 3246 et
1366 3182 1505 3248 Willel-

385 3305 462 3347 mus
491 3282 766 3346 Normanuorum
797 3284 954 3371 princeps
987 3285 1016 3348 ei
1046 3284 1213 3364 subditur,
1245 3295 1278 3349 et
1313 3285 1412 3369 llugo
1448 3310 1504 3349 rex

387 3385 502 3449 ltaliae
517 3385 659 3448 llomam
676 3385 820 3451 obsidet.
831 3386 1011 3449 Fulbertus
1026 3387 1319 3451 Cameracensium
1333 3388 1507 3452 ordinatur

384 3487 564 3574 episeopus
579 3486 621 3551 ab
639 3488 783 3551 Artoldo
805 3489 987 3552 Remorum
1003 3489 1267 3576 archiepiscopo.

429 3590 531 3653 Anno
540 3590 695 3677 sequenti
710 3590 835 3676 ignitae
851 3591 886 3653 in
902 3592 994 3654 eaelo
1010 3593 1099 3654 acies
1110 3592 1202 3655 visae
1213 3600 1293 3657 suut
1304 3593 1502 3662 discurrere.

384 3697 418 3755 et
442 3691 540 3778 quasi
569 3714 707 3778 serpens
736 3693 867 3776 igneus,
894 3701 927 3756 et
956 3693 1119 3778 quaedam
1147 3693 1258 3780 jacula
1291 3694 1368 3759 ferri
1399 3697 1504 3783 pridie

384 3794 459 3858 idus
493 3792 649 3858 Octobris
672 3817 768 3857 mane
792 3802 870 3859 ante
897 3795 983 3858 lueis
1007 3804 1170 3861 exortum.
1197 3798 1277 3861 Mox
1298 3797 1505 3884 subsequuta

384 3902 435 3959 est
459 3895 565 3981 pestis
585 3896 728 3960 diversis
753 3896 900 3960 humana
927 3921 1066 3983 corpora
1089 3898 1238 3962 alliciens
1261 3900 1409 3980 morbis3
1438 3925 1504 3987 qua

385 3997 574 4082 pestilentia
591 4021 772 4084 percussus
789 3999 925 4085 quidam
941 3999 1103 4064 diaconus
1121 4001 1355 4082 VirdunensiS,
1369 4005 1504 4067 nomine

386 4098 602 4180 AdelmaruS,
620 4101 782 4186 languore
798 4102 991 4186 depressus,
1011 4103 1167 4187 spiritum
1183 4104 1296 4167 amisit
1310 4126 1316 4182 3
1335 4104 1393 4167 sed
1408 4112 1503 4169 aute-

383 4223 486 4287 quam
505 4201 736 4288 imponeretur
748 4201 881 4282 fcretro,
903 4226 1058 4267 reversus
1078 4205 1124 4268 ita
1140 4206 1285 4268 surrexit
1304 4207 1448 4285 validus,
1467 4216 1503 4271 ut

383 4301 553 4367 videretur
572 4303 636 4366 sibi
655 4304 740 4367 nibil
754 4304 975 4389 aegritudinis
995 4329 1030 4368 se
1052 4305 1153 4370 fuisse
1173 4308 1449 4393 perpessum,qui
1467 4331 1502 4372 se

383 4404 516 4469 diversa
534 4406 779 4495 suppliciorum
798 4406 853 4470 vel
867 4406 1030 4492 refrigerii
1049 4407 1121 4472 loca
1141 4409 1265 4471 vidisse
1279 4416 1424 4473 testatus
1437 4418 1500 4490 est,

383 4529 485 4595 seque
498 4506 612 4592 ipsum
628 4507 703 4571 loco
718 4508 863 4595 poeniali
879 4508 1090 4596 deputatum,
1109 4510 1169 4573 Dei
1187 4533 1266 4573 vero
1281 4511 1454 4598 genitricis
1469 4521 1503 4578 et
