3800 5642
390 683 453 750 937
745 704 888 748 innatas
914 705 954 748 nn
977 702 1144 750 rnonoann
1470 682 1511 749 67

434 826 580 906 Quidam
601 826 791 914 presbitera
808 825 874 889 deb
895 826 1042 892 Bovonis
1060 833 1153 889 curte
1169 826 1190 906 ¹,
1208 864 1251 871 -
1264 824 1412 888 sicenim
1431 825 1512 890 villa

389 938 528 995 vocatur
540 929 612 1016 ejus
626 928 808 994 aecclesiae
819 939 842 1008 ⁰,
855 967 899 975 -
915 927 1051 991 nomine
1067 927 1272 1015 Adalgarius
1283 926 1311 1009 (1,
1330 935 1448 1014 captus
1462 934 1514 991 est

389 1032 429 1097 ab
442 1033 491 1097 eis
511 1038 544 1096 e't
560 1030 725 1095 abductus
743 1053 850 1117 usque
867 1029 901 1093 in
913 1052 1039 1117 pagum
1050 1029 1301 1116 Biturigeusem
1312 1042 1334 1094 ⁶.
1354 1029 1419 1109 Qui
1430 1028 1513 1115 scum

388 1142 477 1200 esset
492 1134 527 1197 in
543 1133 686 1198 vinculis
701 1140 735 1197 et
755 1131 975 1219 compedibus
991 1131 1118 1212 ferreis,
1136 1138 1238 1196 noctu
1253 1131 1339 1195 visio
1352 1132 1486 1196 cuidam
1501 1131 1515 1184 s
1580 1202 1586 1214 ,

388 1236 605 1324 concaptivae
616 1247 633 1288 ⁹
645 1235 802 1322 apparuit
814 1234 1046 1322 jussumquel
1066 1240 1118 1297 est
1126 1233 1171 1297 eii
1185 1240 1224 1297 ut
1239 1234 1365 1298 diceret
1380 1234 1514 1298 eidemv'

389 1338 574 1426 presbitero
592 1337 752 1426 quatinus
770 1337 885 1423 lugam
907 1343 1042 1422 caperet
1066 1343 1104 1399 ut
1127 1358 1162 1399 se
1184 1335 1397 1401 resolutuml‘
1419 1336 1514 1400 vide·

389 1449 454 1519 ret;
468 1439 659 1528 pariterque
670 1463 747 1503 cum
758 1439 888 1503 visione
904 1446 1022 1503 catena
1038 1438 1145 1525 ipsius
1157 1446 1302 1502 reserata
1317 1445 1380 1504 est.
1392 1439 1441 1502 At
1456 1438 1513 1502 ille

390 1542 552 1607 morteml
575 1549 740 1620 metuens,
757 1564 859 1628 quam
886 1540 1051 1605 barbarus
1068 1541 1098 1604 ei
1111 1552 1134 1580 m
1148 1563 1248 1626 saepe
1261 1552 1277 1580 '¹
1295 1541 1487 1605 minabatur
1499 1552 1514 1581 ⁰
1612 1623 1616 1629 Ι

389 1646 417 1709 si
445 1668 523 1709 eum
551 1645 593 1708 de
616 1644 724 1730 fugae
752 1642 837 1708 forte
865 1643 1149 1729 reprehendisset,
1176 1649 1293 1707 catena
1318 1643 1382 1706 sibi
1411 1644 1513 1730 pedes

389 1747 577 1813 revinciens
593 1754 626 1810 et
642 1769 750 1810 seram
762 1756 871 1832 quaes!
886 1745 1057 1810 exsilierat
1068 1756 1110 1808 ”a
1128 1745 1308 1832 compede⁸
1325 1745 1511 1831 requirens,

389 1850 510 1915 iterum
527 1848 656 1913 munire
677 1847 741 1912 sibi
760 1871 833 1911 sera
853 1847 984 1912 studuit
1000 1847 1147 1928 vincula,
1166 1870 1234 1911 non
1251 1870 1354 1911 ausus
1371 1847 1513 1912 evadere

390 1952 468 2039 luga
479 1954 499 2018 t·
518 1952 625 2016 Nocte
636 1952 753 2034 altera,
768 1950 890 2015 iterum
908 1949 994 2014 visio
1005 1957 1290 2036 praememoratae
1302 1962 1316 1990 ¹¹
1334 1949 1421 2013 facta
1436 1957 1487 2014 est
1500 1961 1513 1989 ⁰

388 2055 565 2142 captivaea
580 2063 690 2142 quaet
705 2052 929 2140 presbiterum
942 2064 953 2091 ²
968 2052 1011 2116 ad
1024 2052 1225 2121 ineundam³
1247 2052 1362 2139 lugam
1377 2051 1511 2128 robora-

388 2165 438 2221 ret
452 2155 481 2238 Β,
501 2157 691 2243 iterumque
707 2155 842 2220 vincula
858 2154 966 2241 ipsius
986 2154 1244 2220 resoluta'sunt.
1265 2155 1446 2219 Animatus
1468 2154 1512 2218 ad

389 2259 423 2322 id
437 2261 519 2323 tunc'
529 2270 541 2300 ⁰
556 2259 693 2335 tandem
709 2256 900 2344 presbiter‘l
914 2256 1030 2343 fugam
1039 2257 1165 2342 petiae,
1184 2264 1218 2321 et
1237 2257 1272 2321 in
1286 2256 1414 2344 spalude
1430 2258 1510 2343 qua-

388 2360 464 2425 dam
484 2360 602 2425 diebus
622 2359 791 2446 aliquibus
807 2359 926 2441 latenS,
944 2358 1003 2422 ubi
1015 2359 1238 2446 praeterisses
1247 2358 1407 2423 barbaros
1418 2381 1510 2422 com-

386 2463 472 2550 perit
490 2463 632 2550 patriam
656 2469 728 2526 tum
749 2463 886 2525 demum
904 2461 1076 2548 reperiar.
1103 2461 1135 2525 ls
1160 2461 1257 2525 nobis
1280 2461 1396 2526 retulit
1418 2460 1509 2549 quod

387 2565 519 2645 viderit,
538 2565 573 2628 in
584 2565 646 2628 hac
663 2564 871 2650 captivitate,
886 2564 1055 2650 quendam
1066 2564 1081 2604 Β
1093 2563 1295 2628 Orbacensis
1311 2563 1464 2628 coenobii
1475 2562 1509 2605 2'2

388 2668 600 2748 monachum,
619 2666 755 2730 nomine
772 2665 986 2730 Hucbaldum
998 2665 1023 2746 Β,
1046 2690 1147 2753 quem
1169 2665 1362 2754 frequenter
1381 2664 1509 2731 ethnici

388 2770 552 2834 trucidare
573 2769 755 2832 voluerunt
774 2791 835 2832 nec
867 2791 1004 2832 earnem
1029 2769 1103 2856 ejus
1132 2769 1280 2833 incidere
1307 2775 1506 2857 potuerunt;

388 2871 486 2936 deum
500 2894 579 2958 ergo
600 2893 675 2934 eum
694 2892 768 2935 esse
795 2870 952 2935 dicebant
962 2870 987 2935 Β.
1009 2870 1152 2948 Quidam
1166 2872 1185 2951 l,
1212 2879 1250 2936 ut
1270 2873 1326 2937 hic
1345 2870 1510 2959 presbiter

387 2974 498 3055 refert,
514 2974 643 3038 nudum
658 2996 736 3037 eum
753 2973 838 3037 vidit
856 2973 889 3036 in
907 2973 1017 3037 medio
1037 2974 1197 3060 positum,
1212 2982 1244 3038 et
1260 2975 1394 3061 sagittis
1412 2971 1511 3037 undi-

416 3190 440 3250 a)
458 3173 576 3248 ps-biter
593 3185 685 3249 ajoutd
698 3201 731 3233 en
754 3200 855 3248 marqe,
867 3185 904 3249 [B.
919 3213 949 3220 —
968 3186 996 3242 bl
1010 3185 1103 3248 ajoute'
1122 3201 1156 3234 en
1170 3203 1271 3251 marpe,
1286 3188 1315 3236 Β.
1333 3215 1363 3223 -
1376 3189 1399 3249 o)
1422 3189 1510 3250 eccle-

388 3250 432 3312 sie,
446 3252 478 3308 A,
493 3249 631 3310 ecclesiae,
646 3250 675 3308 Β,
687 3249 825 3308 aecclesie,
841 3249 869 3307 C,
883 3248 1030 3308 aecclesiae,
1048 3249 1079 3295 D.
1098 3278 1127 3283 —
1140 3250 1166 3311 d)
1179 3251 1336 3312 Adalgaylis
1350 3250 1418 3312 (sic),
1431 3254 1461 3299 A.
1476 3279 1506 3286 —

387 3316 408 3374 e)
421 3312 627 3370 Bituricensem,
640 3311 669 3369 B,
681 3311 712 3368 D,
723 3311 911 3367 Bituriensem,
924 3325 995 3358 corr.
1006 3326 1039 3357 en
1052 3312 1257 3373 Biturigensem,
1269 3314 1296 3372 C,
1307 3341 1336 3348 —
1344 3312 1367 3374 f]
1378 3314 1504 3373 cuidaim,

387 3377 416 3422 A.
430 3401 461 3409 —
475 3373 503 3437 q)
519 3373 699 3434 cumcaptive,
715 3374 746 3431 A,
764 3373 792 3432 C,
812 3374 994 3435 cumcaptivc,
1015 3373 1042 3431 Β,
1062 3374 1091 3431 Ε,
1111 3376 1280 3436 concaptiva,
1303 3376 1339 3436 D;
1358 3375 1452 3438 ajoute'
1471 3391 1504 3424 en

387 3424 485 3498 interit¹
501 3449 533 3483 ne
546 3435 614 3483 rans
626 3437 658 3483 A'.
672 3462 702 3469 -
717 3436 743 3495 p
758 3435 908 3497 visumque,
924 3436 953 3485 o.
967 3462 997 3469 -
1014 3435 1031 3497 ῑ)
1048 3437 1136 3496 near,
1151 3437 1180 3483 n.
1190 3465 1222 3479 .-
1231 3437 1255 3499 j)
1272 3439 1330 3484 erae
1349 3438 1416 3498 (sa),
1432 3438 1460 3486 o.
1473 3467 1503 3474 -

387 3498 410 3559 Β)
424 3451 581 3556 resoibtum,
598 3497 628 3557 Β,
641 3512 700 3544 scre
718 3498 844 3552 solutum,
860 3498 888 3546 E.
903 3525 932 3532 -
946 3497 964 3558 l)
979 3502 1073 3556 morte,
1089 3500 1116 3546 C.
1133 3526 1162 3533 —
1174 3499 1209 3559 m)
1223 3500 1289 3561 ipsc,
1304 3501 1333 3547 Β.
1348 3528 1375 3535 -
1387 3502 1413 3560 n)
1429 3516 1502 3562 sepe,

387 3560 414 3620 Β,
429 3560 457 3620 C,
472 3574 546 3622 sepe,
557 3559 588 3608 D.
602 3586 632 3593 —
645 3559 670 3620 o)
685 3575 706 3606 s.
720 3575 765 3617 m.,
785 3562 852 3606 mots
868 3559 975 3622 ajoutc's
991 3575 1023 3607 cn
1042 3575 1134 3624 marpe
1147 3561 1214 3608 dans
1232 3563 1264 3619 A,
1279 3563 1459 3620 minabantur,
1474 3564 1502 3610 C.

386 3649 414 3656 —
425 3632 452 3730 p)
471 3623 551 3669 Deest
563 3621 593 3681 Β,
608 3621 706 3680 lugam,
721 3623 748 3680 C,
765 3621 792 3669 E.
807 3649 837 3656 —
851 3624 879 3684 q)
891 3638 952 3684 que,
969 3623 999 3683 A,
1015 3624 1043 3681 Β,
1059 3623 1090 3678 D,
1103 3639 1164 3684 qua,
1177 3624 1205 3670 ΒΣ,
1218 3652 1249 3658 -
1263 3635 1285 3683 Γ]
1296 3627 1458 3683 exsolucrat,
1471 3626 1502 3684 A,

387 3685 425 3732 exi
438 3686 515 3744 ierat,
532 3683 562 3742 B,
582 3684 610 3741 C,
628 3684 660 3738 D,
678 3684 708 3730 Β.
727 3711 756 3718 -
774 3684 796 3745 s)
812 3686 940 3745 conpede,
957 3685 984 3732 (J.
1004 3712 1030 3719 —
1045 3689 1064 3745 t]
1078 3686 1177 3746 sugam,
1193 3686 1220 3732 C.
1234 3715 1265 3720 —
1276 3689 1302 3742 ui
1317 3688 1504 3748 p[rae]memo-

387 3750 451 3809 rate,
465 3748 498 3804 A,
517 3750 740 3808 prememoratac,
760 3747 789 3804 Β,
808 3750 1014 3807 prememorate,
1033 3747 1063 3806 Β,
1078 3753 1284 3809 prememorata,
1302 3750 1330 3809 C,
1345 3765 1504 3812 praememo-

386 3813 458 3869 ratae,
473 3809 544 3867 D,-
557 3811 581 3869 o)
595 3809 683 3868 Deest,
697 3809 727 3867 B,
741 3808 767 3861 C,
784 3809 814 3864 D,
824 3809 854 3855 E.
867 3837 892 3844 -
903 3818 929 3870 a)
944 3810 1060 3870 captive,
1071 3813 1102 3868 A,
1115 3811 1232 3871 captive,
1247 3813 1276 3870 Β,
1287 3812 1316 3870 Β,
1331 3812 1455 3872 captiva,
1470 3813 1502 3860 D.

386 3899 415 3907 -
425 3873 453 3935 y)
467 3887 529 3933 que,
539 3873 569 3931 A,
583 3870 652 3918 D.-
662 3881 685 3932 z]
699 3871 861 3932 presbitero,
876 3873 907 3918 A.
921 3898 951 3905 -
964 3873 989 3934 a)
1007 3872 1167 3929 iterandam,
1183 3874 1213 3920 A.
1228 3900 1258 3907 -
1270 3873 1297 3934 b)
1309 3874 1459 3926 roborarat,
1474 3875 1505 3922 D.

387 3953 451 4061 —cbl
465 3956 529 4000 tunc
549 3950 639 4014 re'pe'td
655 3951 726 3999 deur
743 3949 795 4010 sois
812 3951 879 3998 dans
899 3953 926 4010 C,
943 3952 969 3999 ta
982 3952 1096 4000 seconde
1109 3952 1162 4013 sois
1176 3954 1334 4014 exponetud.
1348 3982 1377 3989 —
1391 3955 1417 4017 d)
1432 3941 1507 4016 iffi,
1562 3948 1583 3988 ἱ

390 4013 416 4073 C,
453 4052 458 4062 .
473 4042 502 4050 -
516 4016 539 4071 e)
554 4014 645 4075 peciit,
661 4014 691 4069 D,
705 4014 734 4061 Β.
748 4041 778 4048 -
793 4012 816 4073 s)
831 4015 986 4075 preterisse,
1002 4015 1031 4070 Β,
1047 4015 1074 4062 C.
1088 4043 1119 4049 -
1130 4018 1158 4077 pl
1173 4017 1295 4077 rcpceiit,
1309 4017 1339 4075 Β,
1350 4018 1382 4074 D,
1398 4019 1506 4078 repetit,

390 4090 457 4124 corr.
473 4092 506 4126 en
517 4077 639 4138 repetiit,
655 4077 682 4123 C.
696 4103 726 4110 —
738 4076 765 4132 h)
775 4077 928 4136 quemdam,
941 4077 968 4124 C.
981 4105 1012 4111 -
1025 4076 1034 4123 i
1042 4092 1047 4135 ,ι
1060 4079 1175 4135 cenobii,
1187 4079 1214 4125 C.
1226 4107 1257 4113 -
1265 4079 1289 4141 j>
1301 4080 1465 4137 llubaldum,
1478 4080 1506 4126 Β.
1524 4095 1527 4101 ·

390 4164 417 4172 -
437 4139 461 4199 Β)
475 4139 564 4186 dicere
582 4142 739 4200 coeperunt,
760 4139 788 4195 Β,
810 4138 840 4197 D,
859 4139 948 4185 dicere
966 4144 1106 4200 ceperunt,
1125 4141 1152 4197 C,
1171 4141 1261 4188 dicere
1280 4146 1417 4203 ceperunt,
1435 4142 1465 4188 Β
1479 4168 1509 4175 -

393 4197 533 4260 pauidam
546 4228 576 4235 -
594 4201 751 4262 permansit,
764 4200 847 4260 deest,
864 4200 891 4259 Β,
906 4201 933 4260 C,
948 4202 980 4260 D,
994 4201 1025 4249 Β.

420 4467 440 4510 t.
458 4464 656 4524 Bouvancourt,
669 4465 770 4525 llarnc,
781 4479 833 4512 arr.
848 4467 875 4512 et
888 4466 961 4512 cant.
976 4466 1008 4512 do
1027 4465 1129 4513 llcims.

420 4530 440 4573 2.
458 4525 709 4589 Orbais-l'Abbaye,
723 4526 825 4586 llarnc,
840 4542 891 4574 arr.
906 4527 938 4574 d'.
957 4542 1068 4589 parnay,
1085 4531 1156 4575 cant.
1168 4528 1201 4574 dc
1216 4529 1375 4575 Montmort.
