3800 5642
395 692 457 760 182
849 710 1037 754 xrrxnmcrs

393 837 486 915 dum,
505 855 612 920 nuper
629 832 781 919 Hungari
792 832 1072 920 comprehensum
1084 832 1252 897 trucidare
1267 833 1332 897 nisi
1344 840 1427 898 sunt
1439 854 1447 912 ;
1461 833 1518 898 sed

394 958 607 1024 nequaquam
624 933 867 999 ferroincidere
884 942 1080 1022 potuerunt.
1100 934 1199 1014 Nam,
1214 943 1252 1000 ut
1266 935 1357 1000 idem
1375 935 1480 1000 refert
1488 942 1520 1000 et

394 1037 550 1103 nonnulli
562 1037 685 1125 captivi
698 1037 756 1124 qui
766 1038 931 1117 viderant,
950 1037 1078 1101 reversi
1090 1059 1179 1100 nunc
1190 1059 1326 1125 quoque
1336 1044 1517 1119 testantur,
1533 1111 1535 1114 ¹

394 1140 475 1205 dum
493 1139 627 1225 sagittis
647 1162 723 1202 eum
746 1140 875 1203 nudum
895 1139 1046 1226 undique
1070 1138 1204 1203 barbari
1223 1139 1402 1226 petissent,
1419 1146 1459 1204 ut
1479 1139 1519 1204 ab

395 1243 573 1308 adamante
595 1241 725 1322 relisae,
753 1242 801 1305 sic
823 1240 865 1304 ab
883 1241 957 1328 ejus
978 1240 1173 1306 resiliebant
1199 1264 1339 1329 corpore
1361 1242 1517 1328 sagittae,

342 1339 348 1349 ’
395 1368 456 1409 nec
470 1345 605 1430 signum
621 1344 708 1407 ictus
723 1344 831 1407 ullum
845 1343 918 1430 ejus
935 1343 1120 1431 apparebat
1131 1344 1165 1407 in
1184 1351 1282 1427 cute;
1298 1344 1357 1409 sed
1374 1350 1408 1409 et
1429 1344 1519 1408 omni

395 1454 519 1512 conatu
539 1446 651 1532 gladio
677 1468 870 1532 percussus,
892 1446 1114 1509 nihilominus
1135 1447 1261 1511 mansit
1282 1446 1516 1511 intemeratus

394 1549 492 1614 Unde
512 1555 546 1613 et
560 1548 661 1612 deum
681 1570 755 1611 esse
774 1548 925 1612 dicentes
946 1571 1035 1629 eum,
1053 1548 1224 1614 duxerunt
1238 1549 1377 1613 reveriti
1392 1572 1517 1630 secum,

394 1652 500 1714 donec
516 1651 711 1737 redemptus
731 1674 750 1715 a
769 1649 915 1736 quodam
932 1650 1103 1737 episcopo,
1119 1659 1220 1738 atque
1235 1651 1398 1716 dimissus
1408 1675 1520 1716 rever-

395 1753 488 1818 titur.

506 2002 575 2067 Lm.
606 2001 712 2081 1V‚c.
736 2014 855 2066 xv.'on
880 2021 993 2066 canon
1018 2021 1109 2065 areis
1134 2021 1407 2067 srsrrnrnrronr.

248 2214 377 2273 Annales,
441 2197 603 2284 Sequenti
627 2220 706 2260 vero
729 2220 829 2273 anno,
856 2220 933 2260 cum
958 2219 1043 2282 pene
1065 2197 1179 2260 cuncti
1204 2197 1412 2261 Francorum
1437 2198 1524 2284 opti-

265 2283 365 2402 pdgd’a.
397 2312 504 2368 mates
519 2303 609 2392 apud
629 2304 747 2367 urbem
769 2303 1043 2369 Suessonicama
1067 2325 1145 2387 rege
1168 2327 1229 2367 suo
1249 2304 1374 2368 Karolo
1394 2304 1524 2368 descis-

396 2413 524 2485 centeS,
546 2413 684 2492 propter
708 2406 931 2491 Haganonem
959 2405 1190 2470 consiliarium
1212 2429 1323 2487 suurn,
1350 2429 1454 2492 quem
1481 2407 1522 2470 de

395 2508 621 2572 mediocribus
652 2507 797 2571 electum
827 2531 928 2593 super
952 2530 1070 2571 omnes
1098 2507 1268 2596 principes
1295 2507 1456 2573 audiebat
1491 2515 1524 2572 et

395 2609 592 2687 honorabat,
612 2632 689 2673 eum
708 2611 843 2696 penitus
866 2610 1093 2696 reliquissent,
1118 2611 1173 2674 hic
1190 2610 1342 2697 pontifex
1363 2611 1475 2674 tidelis
1493 2618 1526 2675 et

395 2712 471 2798 pius
493 2720 594 2798 atque
623 2712 782 2776 robustus
808 2713 842 2775 in
867 2713 1027 2798 periculis
1051 2735 1184 2799 semper
1210 2713 1372 2790 existens,
1409 2735 1525 2800 regem

395 2814 583 2899 intrepidus
595 2813 636 2877 ab
649 2814 768 2878 eodem
782 2805 856 2877 loco
868 2815 1067 2901 suscipienS,
1081 2816 1122 2877 ad
1134 2822 1299 2879 metatum
1310 2838 1409 2878 suum
1422 2814 1526 2879 dedu-

396 2916 460 2993 cit,
482 2915 627 3005 indeque
646 2939 761 2980 secum
776 2916 818 2979 ad
834 2917 953 2979 urbem
968 2918 1173 2980 Remensem
1188 2916 1359 3004 perduxit,
1373 2940 1434 3003 per
1452 2940 1527 3004 sep·

397 3023 466 3081 tem
484 3018 552 3082 fere
570 3041 704 3082 menses
719 3041 795 3082 eum
810 3026 1007 3105 prosecutus
1028 3026 1127 3106 atque
1143 3021 1323 3084 comitatus
1338 3026 1402 3099 est,
1418 3019 1528 3083 donec

337 3145 341 3151 ·
398 3120 448 3183 illi
468 3121 610 3185 comites
626 3145 706 3184 suos
726 3121 950 3207 eumdemque
972 3144 1076 3205 regno
1097 3121 1256 3186 restituit.

401 3317 470 3380 Lm.
499 3317 557 3398 lV,
578 3339 603 3382 o.
627 3338 696 3382 xvi.
723 3338 763 3379 bu
788 3338 962 3380 ERLEBnLol
986 3337 1109 3379 connis
1128 3337 1462 3395 axcoxxunrcmonx,
1490 3337 1529 3380 ur

845 3437 1074 3483 arscennene,

295 3618 357 3667 lbid
451 3615 811 3679 llxcommunicaverat
827 3616 879 3678 hic
899 3614 1014 3701 presul
1030 3614 1246 3679 Erlebaldum
1266 3614 1425 3680 comitem
1444 3611 1529 3677 Cas-

255 3685 561 3781 pagesa'⁵'tricensis
590 3718 668 3802 pagi
701 3725 837 3804 propter
866 3718 1045 3780 Remensis
1070 3717 1232 3803 episcopii
1259 3723 1397 3794 terram,
1425 3738 1528 3802 quam

406 3826 611 3905 pervaserat,
649 3819 761 3904 ibique
795 3820 1019 3882 munitionem
1053 3818 1221 3904 quandam
1253 3841 1354 3904 super
1393 3819 1529 3882 Mosam

407 3927 650 3998 construxerat,
691 3921 835 4007 indeque
873 3921 1062 4006 frequentia
1094 3920 1342 3984 ecclesiasticae
1380 3919 1529 3985 familiae

407 4022 494 4086 mala
539 4021 724 4107 ingerebat.
764 4022 904 4108 lnsuper
930 4029 964 4086 ct
992 4030 1139 4086 castrum
1171 4023 1386 4087 Altmontem
1411 4020 1529 4087 furtim

407 4125 582 4212 irruperat.
605 4124 671 4189 Sed
687 4147 762 4187 cum
781 4147 841 4188 nec
862 4125 907 4189 ita
930 4132 1077 4188 cessaret
1096 4148 1114 4188 a
1137 4124 1236 4187 malis
1256 4147 1342 4210 quae
1357 4131 1527 4212 coeperat,

407 4228 517 4316 pergit
536 4226 807 4314 archiepiscopus
823 4249 899 4290 cum
915 4227 985 4290 suis
1011 4227 1053 4289 ad
1075 4226 1273 4312 capiendam
1289 4226 1528 4306 munitionem,

408 4353 510 4417 quam
529 4329 586 4393 ille
597 4335 843 4402 construxerat,
866 4329 1098 4417 Maceriasque
1118 4328 1326 4392 nominabat.
1344 4327 1454 4405 Quam
1470 4351 1532 4416 per

409 4440 554 4532 quatuor
566 4454 652 4519 pene
672 4430 875 4496 ebdomadas
896 4430 1067 4510 obsidem,
1085 4431 1261 4494 deserente
1278 4430 1417 4495 tandem
1435 4430 1532 4495 illam

409 4533 601 4616 Erlebaldo,
624 4534 724 4621 cepit,
747 4541 780 4597 et
799 4533 974 4631 dispositis
993 4532 1076 4595 inibi
1095 4532 1260 4596 custodiis
1281 4533 1396 4597 Remis
1415 4533 1529 4599 rediit.
