<?xml version="1.0" encoding="UTF-8"?>
<!DOCTYPE html PUBLIC "-//W3C//DTD XHTML 1.0 Transitional//EN"
    "http://www.w3.org/TR/xhtml1/DTD/xhtml1-transitional.dtd">
<html xmlns="http://www.w3.org/1999/xhtml" xml:lang="en" lang="en">
 <head>
  <title>
</title>
<meta http-equiv="Content-Type" content="text/html;charset=utf-8" />
  <meta name='ocr-system' content='tesseract 3.04.00' />
  <meta name='ocr-capabilities' content='ocr_page ocr_carea ocr_par ocr_line ocrx_word'/>
</head>
<body>
  <div class='ocr_page' id='page_1' title='image "./textesrelatifsa00thgoog_0295.png"; bbox 0 0 3800 5642; ppageno 0'>
   <div class='ocr_carea' id='block_1_1' title="bbox 297 655 1043 718">
    <p class='ocr_par' dir='ltr' id='par_1_1' title="bbox 297 655 1043 718">
     <span class='ocr_line' id='line_1_1' title="bbox 297 655 1043 718; baseline -0.009 1"><span class='ocrx_word' id='word_1_1' title='bbox 297 666 299 670; x_wconf 87' lang='grc'><strong>’</strong></span> <span class='ocrx_word' id='word_1_2' title='bbox 387 655 451 718; x_wconf 76' lang='grc'>216</span> <span class='ocrx_word' id='word_1_3' title='bbox 856 671 1043 713; x_wconf 73' lang='lat' dir='ltr'>arruumous</span> 
     </span>
    </p>
   </div>
   <div class='ocr_carea' id='block_1_2' title="bbox 364 790 1591 4569">
    <p class='ocr_par' dir='ltr' id='par_1_2' title="bbox 364 790 1591 4569">
     <span class='ocr_line' id='line_1_2' title="bbox 385 790 1509 879; baseline -0.005 -20"><span class='ocrx_word' id='word_1_4' title='bbox 385 797 510 859; x_wconf 81' lang='lat' dir='ltr'>honore</span> <span class='ocrx_word' id='word_1_5' title='bbox 528 795 592 857; x_wconf 90' lang='lat' dir='ltr'>sibi</span> <span class='ocrx_word' id='word_1_6' title='bbox 611 794 744 879; x_wconf 86' lang='lat' dir='ltr'>adjutor</span> <span class='ocrx_word' id='word_1_7' title='bbox 760 792 931 872; x_wconf 76' lang='lat' dir='ltr'>existeret,</span> <span class='ocrx_word' id='word_1_8' title='bbox 942 792 1101 878; x_wconf 80' lang='lat' dir='ltr'>quatinus</span> <span class='ocrx_word' id='word_1_9' title='bbox 1116 791 1329 878; x_wconf 80' lang='lat' dir='ltr'>jamdictam</span> <span class='ocrx_word' id='word_1_10' title='bbox 1344 790 1509 853; x_wconf 89' lang='lat' dir='ltr'>Norman-</span> 
     </span>
     <span class='ocr_line' id='line_1_3' title="bbox 384 894 1506 983; baseline -0.004 -23"><span class='ocrx_word' id='word_1_11' title='bbox 384 899 458 961; x_wconf 90' lang='lat' dir='ltr'>niae</span> <span class='ocrx_word' id='word_1_12' title='bbox 475 907 604 983; x_wconf 89' lang='lat' dir='ltr'>partem</span> <span class='ocrx_word' id='word_1_13' title='bbox 619 897 690 982; x_wconf 86' lang='lat' dir='ltr'>ipse</span> <span class='ocrx_word' id='word_1_14' title='bbox 707 920 763 958; x_wconf 88' lang='lat' dir='ltr'>rex</span> <span class='ocrx_word' id='word_1_15' title='bbox 783 896 825 957; x_wconf 86' lang='lat' dir='ltr'>ad</span> <span class='ocrx_word' id='word_1_16' title='bbox 845 918 943 957; x_wconf 92' lang='lat' dir='ltr'>suum</span> <span class='ocrx_word' id='word_1_17' title='bbox 965 904 1157 981; x_wconf 88' lang='lat' dir='ltr'>retorquere</span> <span class='ocrx_word' id='word_1_18' title='bbox 1175 902 1291 981; x_wconf 90' lang='lat' dir='ltr'>posset</span> <span class='ocrx_word' id='word_1_19' title='bbox 1306 894 1506 957; x_wconf 90' lang='lat' dir='ltr'>dominium.</span> 
     </span>
     <span class='ocr_line' id='line_1_4' title="bbox 384 997 1508 1085; baseline -0.007 -19"><span class='ocrx_word' id='word_1_20' title='bbox 384 1001 548 1066; x_wconf 91' lang='lat' dir='ltr'>Condicto</span> <span class='ocrx_word' id='word_1_21' title='bbox 567 999 779 1085; x_wconf 85' lang='lat' dir='ltr'>deniquedie</span> <span class='ocrx_word' id='word_1_22' title='bbox 794 997 877 1060; x_wconf 90' lang='lat' dir='ltr'>abiit</span> <span class='ocrx_word' id='word_1_23' title='bbox 888 1021 958 1077; x_wconf 77' lang='lat' dir='ltr'>rex,</span> <span class='ocrx_word' id='word_1_24' title='bbox 968 998 1183 1061; x_wconf 90' lang='lat' dir='ltr'>utobsideret</span> <span class='ocrx_word' id='word_1_25' title='bbox 1197 997 1508 1083; x_wconf 86' lang='lat' dir='ltr'>Rothomagensem</span> 
     </span>
     <span class='ocr_line' id='line_1_5' title="bbox 384 1100 1510 1189; baseline -0.005 -23"><span class='ocrx_word' id='word_1_26' title='bbox 384 1110 417 1166; x_wconf 88' lang='lat' dir='ltr'>et</span> <span class='ocrx_word' id='word_1_27' title='bbox 432 1101 1033 1189; x_wconf 85' lang='lat' dir='ltr'>HugoBaiocaccnsemNormanniae</span> <span class='ocrx_word' id='word_1_28' title='bbox 1045 1100 1355 1163; x_wconf 88' lang='lat' dir='ltr'>urbes.Bernardus</span> <span class='ocrx_word' id='word_1_29' title='bbox 1367 1100 1510 1185; x_wconf 90' lang='lat' dir='ltr'>denique</span> 
     </span>
     <span class='ocr_line' id='line_1_6' title="bbox 385 1202 1510 1292; baseline -0.004 -24"><span class='ocrx_word' id='word_1_30' title='bbox 385 1206 522 1292; x_wconf 90' lang='lat' dir='ltr'>quidam</span> <span class='ocrx_word' id='word_1_31' title='bbox 539 1205 757 1267; x_wconf 79' lang='lat' dir='ltr'>Normannus</span> <span class='ocrx_word' id='word_1_32' title='bbox 773 1204 808 1265; x_wconf 91' lang='lat' dir='ltr'>in</span> <span class='ocrx_word' id='word_1_33' title='bbox 826 1203 894 1264; x_wconf 92' lang='lat' dir='ltr'>illis</span> <span class='ocrx_word' id='word_1_34' title='bbox 908 1203 1027 1266; x_wconf 88' lang='lat' dir='ltr'>diebus</span> <span class='ocrx_word' id='word_1_35' title='bbox 1046 1204 1097 1264; x_wconf 88' lang='lat' dir='ltr'>vir</span> <span class='ocrx_word' id='word_1_36' title='bbox 1112 1203 1210 1266; x_wconf 89' lang='lat' dir='ltr'>valde</span> <span class='ocrx_word' id='word_1_37' title='bbox 1228 1202 1373 1265; x_wconf 89' lang='lat' dir='ltr'>callidus</span> <span class='ocrx_word' id='word_1_38' title='bbox 1390 1209 1423 1265; x_wconf 91' lang='lat' dir='ltr'>et</span> <span class='ocrx_word' id='word_1_39' title='bbox 1436 1224 1510 1263; x_wconf 88' lang='lat' dir='ltr'>ver-</span> 
     </span>
     <span class='ocr_line' id='line_1_7' title="bbox 385 1304 1510 1391; baseline -0.004 -21"><span class='ocrx_word' id='word_1_40' title='bbox 385 1316 494 1387; x_wconf 59' lang='lat' dir='ltr'>sutus</span> <span class='ocrx_word' id='word_1_41' title='bbox 508 1330 619 1370; x_wconf 90' lang='lat' dir='ltr'>arcem</span> <span class='ocrx_word' id='word_1_42' title='bbox 635 1305 848 1369; x_wconf 79' lang='lat' dir='ltr'>custodiebat</span> <span class='ocrx_word' id='word_1_43' title='bbox 860 1305 1187 1391; x_wconf 79' lang='lat' dir='ltr'>Rothomagensem3</span> <span class='ocrx_word' id='word_1_44' title='bbox 1201 1328 1218 1368; x_wconf 93' lang='lat' dir='ltr'>a</span> <span class='ocrx_word' id='word_1_45' title='bbox 1233 1328 1299 1391; x_wconf 92' lang='lat' dir='ltr'>quo</span> <span class='ocrx_word' id='word_1_46' title='bbox 1311 1328 1370 1367; x_wconf 85' lang='lat' dir='ltr'>rex</span> <span class='ocrx_word' id='word_1_47' title='bbox 1385 1304 1510 1368; x_wconf 83' lang='lat' dir='ltr'>Retho-</span> 
     </span>
     <span class='ocr_line' id='line_1_8' title="bbox 385 1406 1510 1496; baseline -0.003 -24"><span class='ocrx_word' id='word_1_48' title='bbox 385 1433 521 1496; x_wconf 82' lang='lat' dir='ltr'>magum</span> <span class='ocrx_word' id='word_1_49' title='bbox 550 1410 689 1472; x_wconf 84' lang='lat' dir='ltr'>veniens</span> <span class='ocrx_word' id='word_1_50' title='bbox 716 1408 853 1493; x_wconf 84' lang='lat' dir='ltr'>pacifice</span> <span class='ocrx_word' id='word_1_51' title='bbox 873 1416 1029 1493; x_wconf 85' lang='lat' dir='ltr'>receptus</span> <span class='ocrx_word' id='word_1_52' title='bbox 1055 1416 1117 1473; x_wconf 90' lang='lat' dir='ltr'>est.</span> <span class='ocrx_word' id='word_1_53' title='bbox 1138 1409 1264 1470; x_wconf 90' lang='lat' dir='ltr'>Verum</span> <span class='ocrx_word' id='word_1_54' title='bbox 1284 1407 1356 1494; x_wconf 80' lang='lat' dir='ltr'>regi</span> <span class='ocrx_word' id='word_1_55' title='bbox 1377 1407 1412 1470; x_wconf 94' lang='lat' dir='ltr'>in</span> <span class='ocrx_word' id='word_1_56' title='bbox 1433 1406 1510 1469; x_wconf 91' lang='lat' dir='ltr'>urbe</span> 
     </span>
     <span class='ocr_line' id='line_1_9' title="bbox 386 1510 1510 1598; baseline -0.003 -24"><span class='ocrx_word' id='word_1_57' title='bbox 386 1512 529 1575; x_wconf 88' lang='lat' dir='ltr'>moranti</span> <span class='ocrx_word' id='word_1_58' title='bbox 541 1512 691 1598; x_wconf 87' lang='lat' dir='ltr'>prefatus</span> <span class='ocrx_word' id='word_1_59' title='bbox 705 1511 820 1573; x_wconf 89' lang='lat' dir='ltr'>dolose</span> <span class='ocrx_word' id='word_1_60' title='bbox 832 1510 1003 1595; x_wconf 82' lang='lat' dir='ltr'>suggessit</span> <span class='ocrx_word' id='word_1_61' title='bbox 1018 1510 1219 1588; x_wconf 75' lang='lat' dir='ltr'>Bernardus⁷</span> <span class='ocrx_word' id='word_1_62' title='bbox 1234 1517 1271 1573; x_wconf 92' lang='lat' dir='ltr'>ut</span> <span class='ocrx_word' id='word_1_63' title='bbox 1287 1517 1510 1573; x_wconf 89' lang='lat' dir='ltr'>memoratum</span> 
     </span>
     <span class='ocr_line' id='line_1_10' title="bbox 385 1612 1512 1700; baseline -0.003 -22"><span class='ocrx_word' id='word_1_64' title='bbox 385 1616 505 1678; x_wconf 90' lang='lat' dir='ltr'>ducem</span> <span class='ocrx_word' id='word_1_65' title='bbox 527 1614 707 1700; x_wconf 83' lang='lat' dir='ltr'>Hugoncm</span> <span class='ocrx_word' id='word_1_66' title='bbox 730 1637 747 1675; x_wconf 91' lang='lat' dir='ltr'>a</span> <span class='ocrx_word' id='word_1_67' title='bbox 772 1612 986 1675; x_wconf 86' lang='lat' dir='ltr'>Baiocacensi</span> <span class='ocrx_word' id='word_1_68' title='bbox 1011 1612 1186 1675; x_wconf 86' lang='lat' dir='ltr'>obsidione</span> <span class='ocrx_word' id='word_1_69' title='bbox 1212 1613 1367 1675; x_wconf 77' lang='lat' dir='ltr'>recedere</span> <span class='ocrx_word' id='word_1_70' title='bbox 1388 1612 1512 1676; x_wconf 88' lang='lat' dir='ltr'>faceret</span> 
     </span>
     <span class='ocr_line' id='line_1_11' title="bbox 385 1713 1511 1791; baseline -0.003 -11"><span class='ocrx_word' id='word_1_71' title='bbox 385 1725 544 1780; x_wconf 90' lang='lat' dir='ltr'>ettotam</span> <span class='ocrx_word' id='word_1_72' title='bbox 565 1716 807 1777; x_wconf 84' lang='lat' dir='ltr'>Normanniam</span> <span class='ocrx_word' id='word_1_73' title='bbox 834 1716 866 1777; x_wconf 93' lang='lat' dir='ltr'>in</span> <span class='ocrx_word' id='word_1_74' title='bbox 893 1739 990 1778; x_wconf 90' lang='lat' dir='ltr'>suum</span> <span class='ocrx_word' id='word_1_75' title='bbox 1012 1714 1199 1778; x_wconf 92' lang='lat' dir='ltr'>dominium</span> <span class='ocrx_word' id='word_1_76' title='bbox 1221 1715 1393 1778; x_wconf 88' lang='lat' dir='ltr'>retineret.</span> <span class='ocrx_word' id='word_1_77' title='bbox 1415 1713 1511 1791; x_wconf 83' lang='lat' dir='ltr'>Quod</span> 
     </span>
     <span class='ocr_line' id='line_1_12' title="bbox 386 1816 1511 1882; baseline -0.002 -1"><span class='ocrx_word' id='word_1_78' title='bbox 386 1842 442 1882; x_wconf 86' lang='lat' dir='ltr'>rex</span> <span class='ocrx_word' id='word_1_79' title='bbox 476 1818 591 1881; x_wconf 89' lang='lat' dir='ltr'>statim</span> <span class='ocrx_word' id='word_1_80' title='bbox 620 1818 728 1881; x_wconf 88' lang='lat' dir='ltr'>facere</span> <span class='ocrx_word' id='word_1_81' title='bbox 760 1818 902 1882; x_wconf 89' lang='lat' dir='ltr'>curavit.</span> <span class='ocrx_word' id='word_1_82' title='bbox 934 1817 1030 1881; x_wconf 88' lang='lat' dir='ltr'>Unde</span> <span class='ocrx_word' id='word_1_83' title='bbox 1063 1817 1249 1881; x_wconf 84' lang='lat' dir='ltr'>discordiae</span> <span class='ocrx_word' id='word_1_84' title='bbox 1282 1816 1393 1881; x_wconf 91' lang='lat' dir='ltr'>fomes</span> <span class='ocrx_word' id='word_1_85' title='bbox 1424 1818 1511 1880; x_wconf 90' lang='lat' dir='ltr'>inter</span> 
     </span>
     <span class='ocr_line' id='line_1_13' title="bbox 387 1918 1511 2007; baseline 0 -24"><span class='ocrx_word' id='word_1_86' title='bbox 387 1945 499 2007; x_wconf 82' lang='lat' dir='ltr'>regem</span> <span class='ocrx_word' id='word_1_87' title='bbox 516 1921 700 2005; x_wconf 87' lang='lat' dir='ltr'>pullulavit</span> <span class='ocrx_word' id='word_1_88' title='bbox 716 1929 749 1983; x_wconf 88' lang='lat' dir='ltr'>et</span> <span class='ocrx_word' id='word_1_89' title='bbox 769 1921 900 1983; x_wconf 88' lang='lat' dir='ltr'>ducem.</span> <span class='ocrx_word' id='word_1_90' title='bbox 919 1920 1064 1983; x_wconf 89' lang='lat' dir='ltr'>Proinde</span> <span class='ocrx_word' id='word_1_91' title='bbox 1083 1921 1227 2007; x_wconf 81' lang='lat' dir='ltr'>Hugone</span> <span class='ocrx_word' id='word_1_92' title='bbox 1241 1918 1282 1983; x_wconf 88' lang='lat' dir='ltr'>ab</span> <span class='ocrx_word' id='word_1_93' title='bbox 1301 1920 1384 1983; x_wconf 90' lang='lat' dir='ltr'>urbe</span> <span class='ocrx_word' id='word_1_94' title='bbox 1402 1921 1511 1983; x_wconf 87' lang='lat' dir='ltr'>disce-</span> 
     </span>
     <span class='ocr_line' id='line_1_14' title="bbox 386 2021 1512 2109; baseline -0.003 -22"><span class='ocrx_word' id='word_1_95' title='bbox 386 2025 506 2101; x_wconf 78' lang='lat' dir='ltr'>dente,</span> <span class='ocrx_word' id='word_1_96' title='bbox 530 2045 588 2085; x_wconf 86' lang='lat' dir='ltr'>rex</span> <span class='ocrx_word' id='word_1_97' title='bbox 609 2022 685 2085; x_wconf 91' lang='lat' dir='ltr'>ilico</span> <span class='ocrx_word' id='word_1_98' title='bbox 708 2046 782 2085; x_wconf 88' lang='lat' dir='ltr'>eam</span> <span class='ocrx_word' id='word_1_99' title='bbox 802 2022 1002 2107; x_wconf 83' lang='lat' dir='ltr'>ingreditur.</span> <span class='ocrx_word' id='word_1_100' title='bbox 1025 2022 1067 2085; x_wconf 81' lang='lat' dir='ltr'>Et</span> <span class='ocrx_word' id='word_1_101' title='bbox 1089 2022 1169 2086; x_wconf 89' lang='lat' dir='ltr'>dum</span> <span class='ocrx_word' id='word_1_102' title='bbox 1184 2022 1235 2085; x_wconf 88' lang='lat' dir='ltr'>ibi</span> <span class='ocrx_word' id='word_1_103' title='bbox 1254 2022 1371 2109; x_wconf 87' lang='lat' dir='ltr'>paucis</span> <span class='ocrx_word' id='word_1_104' title='bbox 1393 2021 1512 2086; x_wconf 86' lang='lat' dir='ltr'>diebus</span> 
     </span>
     <span class='ocr_line' id='line_1_15' title="bbox 386 2124 1512 2200; baseline -0.001 -11"><span class='ocrx_word' id='word_1_105' title='bbox 386 2150 485 2189; x_wconf 90' lang='lat' dir='ltr'>suum</span> <span class='ocrx_word' id='word_1_106' title='bbox 508 2124 679 2188; x_wconf 84' lang='lat' dir='ltr'>refecisset</span> <span class='ocrx_word' id='word_1_107' title='bbox 699 2126 896 2200; x_wconf 86' lang='lat' dir='ltr'>exercitum,</span> <span class='ocrx_word' id='word_1_108' title='bbox 917 2148 1033 2187; x_wconf 89' lang='lat' dir='ltr'>rursus</span> <span class='ocrx_word' id='word_1_109' title='bbox 1051 2126 1257 2189; x_wconf 85' lang='lat' dir='ltr'>Rotdomum</span> <span class='ocrx_word' id='word_1_110' title='bbox 1275 2125 1452 2189; x_wconf 86' lang='lat' dir='ltr'>remeavit.</span> <span class='ocrx_word' id='word_1_111' title='bbox 1471 2125 1512 2189; x_wconf 89' lang='lat' dir='ltr'>Et</span> 
     </span>
     <span class='ocr_line' id='line_1_16' title="bbox 386 2228 1510 2314; baseline -0.002 -22"><span class='ocrx_word' id='word_1_112' title='bbox 386 2251 563 2292; x_wconf 90' lang='lat' dir='ltr'>assumens</span> <span class='ocrx_word' id='word_1_113' title='bbox 587 2228 633 2289; x_wconf 91' lang='lat' dir='ltr'>ihi</span> <span class='ocrx_word' id='word_1_114' title='bbox 661 2228 849 2314; x_wconf 79' lang='lat' dir='ltr'>sepefatum</span> <span class='ocrx_word' id='word_1_115' title='bbox 876 2228 1124 2291; x_wconf 87' lang='lat' dir='ltr'>adolescentem</span> <span class='ocrx_word' id='word_1_116' title='bbox 1156 2228 1373 2305; x_wconf 78' lang='lat' dir='ltr'>Richardum,</span> <span class='ocrx_word' id='word_1_117' title='bbox 1397 2251 1510 2291; x_wconf 90' lang='lat' dir='ltr'>secum</span> 
     </span>
     <span class='ocr_line' id='line_1_17' title="bbox 388 2330 1512 2417; baseline 0 -23"><span class='ocrx_word' id='word_1_118' title='bbox 388 2354 494 2417; x_wconf 91' lang='lat' dir='ltr'>usque</span> <span class='ocrx_word' id='word_1_119' title='bbox 510 2331 709 2393; x_wconf 93' lang='lat' dir='ltr'>Laudunum</span> <span class='ocrx_word' id='word_1_120' title='bbox 732 2331 900 2415; x_wconf 87' lang='lat' dir='ltr'>perduxit.</span> <span class='ocrx_word' id='word_1_121' title='bbox 919 2330 983 2394; x_wconf 86' lang='lat' dir='ltr'>Sed</span> <span class='ocrx_word' id='word_1_122' title='bbox 1007 2331 1085 2392; x_wconf 91' lang='lat' dir='ltr'>dum</span> <span class='ocrx_word' id='word_1_123' title='bbox 1106 2330 1274 2393; x_wconf 86' lang='lat' dir='ltr'>demuma</span> <span class='ocrx_word' id='word_1_124' title='bbox 1301 2353 1379 2414; x_wconf 79' lang='lat' dir='ltr'>rege</span> <span class='ocrx_word' id='word_1_125' title='bbox 1400 2331 1512 2417; x_wconf 84' lang='lat' dir='ltr'>negle-</span> 
     </span>
     <span class='ocr_line' id='line_1_18' title="bbox 386 2432 1511 2520; baseline 0 -24"><span class='ocrx_word' id='word_1_126' title='bbox 386 2440 505 2520; x_wconf 82' lang='lat' dir='ltr'>genter</span> <span class='ocrx_word' id='word_1_127' title='bbox 533 2440 743 2506; x_wconf 82' lang='lat' dir='ltr'>tractaretur,</span> <span class='ocrx_word' id='word_1_128' title='bbox 772 2433 909 2517; x_wconf 90' lang='lat' dir='ltr'>quidam</span> <span class='ocrx_word' id='word_1_129' title='bbox 937 2433 1034 2495; x_wconf 88' lang='lat' dir='ltr'>miles</span> <span class='ocrx_word' id='word_1_130' title='bbox 1057 2433 1130 2517; x_wconf 87' lang='lat' dir='ltr'>ejus</span> <span class='ocrx_word' id='word_1_131' title='bbox 1152 2432 1362 2497; x_wconf 87' lang='lat' dir='ltr'>Osmundus</span> <span class='ocrx_word' id='word_1_132' title='bbox 1376 2434 1511 2496; x_wconf 90' lang='lat' dir='ltr'>nomine</span> 
     </span>
     <span class='ocr_line' id='line_1_19' title="bbox 364 2534 1512 2621; baseline 0.005 -29"><span class='ocrx_word' id='word_1_133' title='bbox 364 2537 496 2621; x_wconf 54' lang='lat' dir='ltr'>¹ipsum</span> <span class='ocrx_word' id='word_1_134' title='bbox 525 2535 776 2597; x_wconf 88' lang='lat' dir='ltr'>adolescentem</span> <span class='ocrx_word' id='word_1_135' title='bbox 801 2535 1007 2598; x_wconf 82' lang='lat' dir='ltr'>llichardum</span> <span class='ocrx_word' id='word_1_136' title='bbox 1037 2534 1125 2599; x_wconf 90' lang='lat' dir='ltr'>furto</span> <span class='ocrx_word' id='word_1_137' title='bbox 1157 2534 1329 2598; x_wconf 85' lang='lat' dir='ltr'>sublatum</span> <span class='ocrx_word' id='word_1_138' title='bbox 1355 2535 1512 2621; x_wconf 86' lang='lat' dir='ltr'>perduxit</span> 
     </span>
     <span class='ocr_line' id='line_1_20' title="bbox 385 2637 1512 2724; baseline 0.002 -26"><span class='ocrx_word' id='word_1_139' title='bbox 385 2639 531 2724; x_wconf 88' lang='lat' dir='ltr'>primum</span> <span class='ocrx_word' id='word_1_140' title='bbox 548 2637 590 2700; x_wconf 87' lang='lat' dir='ltr'>ad</span> <span class='ocrx_word' id='word_1_141' title='bbox 608 2647 756 2701; x_wconf 88' lang='lat' dir='ltr'>castrum</span> <span class='ocrx_word' id='word_1_142' title='bbox 775 2637 1004 2717; x_wconf 88' lang='lat' dir='ltr'>Codiciacum,</span> <span class='ocrx_word' id='word_1_143' title='bbox 1020 2661 1058 2700; x_wconf 91' lang='lat' dir='ltr'>ac</span> <span class='ocrx_word' id='word_1_144' title='bbox 1079 2638 1215 2701; x_wconf 85' lang='lat' dir='ltr'>demum</span> <span class='ocrx_word' id='word_1_145' title='bbox 1233 2637 1385 2701; x_wconf 88' lang='lat' dir='ltr'>restituit</span> <span class='ocrx_word' id='word_1_146' title='bbox 1404 2637 1512 2700; x_wconf 91' lang='lat' dir='ltr'>homi-</span> 
     </span>
     <span class='ocr_line' id='line_1_21' title="bbox 386 2739 1511 2826; baseline 0 -24"><span class='ocrx_word' id='word_1_147' title='bbox 386 2739 484 2802; x_wconf 91' lang='lat' dir='ltr'>nibus</span> <span class='ocrx_word' id='word_1_148' title='bbox 499 2747 600 2825; x_wconf 83' lang='lat' dir='ltr'>atque</span> <span class='ocrx_word' id='word_1_149' title='bbox 618 2740 815 2826; x_wconf 90' lang='lat' dir='ltr'>parentibus</span> <span class='ocrx_word' id='word_1_150' title='bbox 835 2740 916 2802; x_wconf 82' lang='lat' dir='ltr'>suis</span> <span class='ocrx_word' id='word_1_151' title='bbox 941 2740 1038 2817; x_wconf 84' lang='lat' dir='ltr'>Quod</span> <span class='ocrx_word' id='word_1_152' title='bbox 1059 2740 1116 2802; x_wconf 91' lang='lat' dir='ltr'>ubi</span> <span class='ocrx_word' id='word_1_153' title='bbox 1132 2764 1189 2803; x_wconf 88' lang='lat' dir='ltr'>rex</span> <span class='ocrx_word' id='word_1_154' title='bbox 1206 2742 1384 2826; x_wconf 82' lang='lat' dir='ltr'>comperit,</span> <span class='ocrx_word' id='word_1_155' title='bbox 1401 2740 1511 2804; x_wconf 83' lang='lat' dir='ltr'>Rode-</span> 
     </span>
     <span class='ocr_line' id='line_1_22' title="bbox 385 2842 1511 2928; baseline 0.001 -24"><span class='ocrx_word' id='word_1_156' title='bbox 385 2866 478 2904; x_wconf 92' lang='lat' dir='ltr'>mum</span> <span class='ocrx_word' id='word_1_157' title='bbox 495 2866 662 2924; x_wconf 84' lang='lat' dir='ltr'>reversus,</span> <span class='ocrx_word' id='word_1_158' title='bbox 674 2849 850 2928; x_wconf 86' lang='lat' dir='ltr'>susceptus</span> <span class='ocrx_word' id='word_1_159' title='bbox 862 2850 914 2905; x_wconf 91' lang='lat' dir='ltr'>est</span> <span class='ocrx_word' id='word_1_160' title='bbox 924 2842 1073 2927; x_wconf 81' lang='lat' dir='ltr'>pac-ilice.</span> <span class='ocrx_word' id='word_1_161' title='bbox 1085 2843 1215 2906; x_wconf 89' lang='lat' dir='ltr'>lnterea</span> <span class='ocrx_word' id='word_1_162' title='bbox 1229 2866 1309 2906; x_wconf 90' lang='lat' dir='ltr'>vero</span> <span class='ocrx_word' id='word_1_163' title='bbox 1324 2843 1511 2906; x_wconf 91' lang='lat' dir='ltr'>Normanni</span> 
     </span>
     <span class='ocr_line' id='line_1_23' title="bbox 385 2944 1512 3031; baseline 0 -24"><span class='ocrx_word' id='word_1_164' title='bbox 385 2944 551 3007; x_wconf 90' lang='lat' dir='ltr'>miserunt</span> <span class='ocrx_word' id='word_1_165' title='bbox 588 2946 629 3007; x_wconf 90' lang='lat' dir='ltr'>ad</span> <span class='ocrx_word' id='word_1_166' title='bbox 671 2968 784 3031; x_wconf 82' lang='lat' dir='ltr'>regern</span> <span class='ocrx_word' id='word_1_167' title='bbox 825 2945 996 3007; x_wconf 88' lang='lat' dir='ltr'>Danorurn</span> <span class='ocrx_word' id='word_1_168' title='bbox 1035 2946 1170 3008; x_wconf 92' lang='lat' dir='ltr'>nomine</span> <span class='ocrx_word' id='word_1_169' title='bbox 1206 2947 1440 3031; x_wconf 68' lang='lat' dir='ltr'>Aygroldum,</span> <span class='ocrx_word' id='word_1_170' title='bbox 1478 2952 1512 3008; x_wconf 91' lang='lat' dir='ltr'>ut</span> 
     </span>
     <span class='ocr_line' id='line_1_24' title="bbox 387 3047 1511 3134; baseline 0 -25"><span class='ocrx_word' id='word_1_171' title='bbox 387 3047 554 3109; x_wconf 82' lang='lat' dir='ltr'>Richardo</span> <span class='ocrx_word' id='word_1_172' title='bbox 582 3048 696 3110; x_wconf 87' lang='lat' dir='ltr'>comiti</span> <span class='ocrx_word' id='word_1_173' title='bbox 726 3071 786 3109; x_wconf 92' lang='lat' dir='ltr'>suo</span> <span class='ocrx_word' id='word_1_174' title='bbox 810 3048 1078 3132; x_wconf 77' lang='lat' dir='ltr'>consanguineo,</span> <span class='ocrx_word' id='word_1_175' title='bbox 1104 3071 1202 3134; x_wconf 91' lang='lat' dir='ltr'>quem</span> <span class='ocrx_word' id='word_1_176' title='bbox 1230 3072 1287 3111; x_wconf 85' lang='lat' dir='ltr'>rex</span> <span class='ocrx_word' id='word_1_177' title='bbox 1309 3049 1511 3112; x_wconf 85' lang='lat' dir='ltr'>exheredare</span> 
     </span>
     <span class='ocr_line' id='line_1_25' title="bbox 385 3148 1511 3234; baseline -0.001 -22"><span class='ocrx_word' id='word_1_178' title='bbox 385 3149 534 3230; x_wconf 86' lang='lat' dir='ltr'>volebat,</span> <span class='ocrx_word' id='word_1_179' title='bbox 558 3172 751 3213; x_wconf 88' lang='lat' dir='ltr'>succurrere</span> <span class='ocrx_word' id='word_1_180' title='bbox 776 3148 963 3213; x_wconf 86' lang='lat' dir='ltr'>festinaret.</span> <span class='ocrx_word' id='word_1_181' title='bbox 991 3149 1056 3226; x_wconf 84' lang='lat' dir='ltr'>Qui</span> <span class='ocrx_word' id='word_1_182' title='bbox 1072 3151 1234 3213; x_wconf 89' lang='lat' dir='ltr'>continuo</span> <span class='ocrx_word' id='word_1_183' title='bbox 1255 3150 1364 3230; x_wconf 89' lang='lat' dir='ltr'>affuit,</span> <span class='ocrx_word' id='word_1_184' title='bbox 1389 3159 1422 3214; x_wconf 91' lang='lat' dir='ltr'>et</span> <span class='ocrx_word' id='word_1_185' title='bbox 1445 3150 1511 3234; x_wconf 81' lang='lat' dir='ltr'>regi</span> 
     </span>
     <span class='ocr_line' id='line_1_26' title="bbox 386 3251 1508 3340; baseline 0.001 -26"><span class='ocrx_word' id='word_1_186' title='bbox 386 3251 557 3314; x_wconf 88' lang='lat' dir='ltr'>Ludovico</span> <span class='ocrx_word' id='word_1_187' title='bbox 574 3252 759 3331; x_wconf 81' lang='lat' dir='ltr'>mandavit,</span> <span class='ocrx_word' id='word_1_188' title='bbox 779 3259 815 3314; x_wconf 93' lang='lat' dir='ltr'>ut</span> <span class='ocrx_word' id='word_1_189' title='bbox 837 3252 900 3314; x_wconf 89' lang='lat' dir='ltr'>sibi</span> <span class='ocrx_word' id='word_1_190' title='bbox 923 3252 1057 3315; x_wconf 89' lang='lat' dir='ltr'>obviam</span> <span class='ocrx_word' id='word_1_191' title='bbox 1079 3253 1120 3315; x_wconf 87' lang='lat' dir='ltr'>ad</span> <span class='ocrx_word' id='word_1_192' title='bbox 1140 3252 1348 3340; x_wconf 88' lang='lat' dir='ltr'>colloquium</span> <span class='ocrx_word' id='word_1_193' title='bbox 1368 3254 1508 3317; x_wconf 89' lang='lat' dir='ltr'>veniret.</span> 
     </span>
     <span class='ocr_line' id='line_1_27' title="bbox 385 3354 1511 3439; baseline 0 -23"><span class='ocrx_word' id='word_1_194' title='bbox 385 3355 555 3439; x_wconf 81' lang='lat' dir='ltr'>Deceptus</span> <span class='ocrx_word' id='word_1_195' title='bbox 571 3354 673 3438; x_wconf 83' lang='lat' dir='ltr'>igitur</span> <span class='ocrx_word' id='word_1_196' title='bbox 687 3377 743 3416; x_wconf 79' lang='lat' dir='ltr'>rex</span> <span class='ocrx_word' id='word_1_197' title='bbox 761 3355 903 3417; x_wconf 93' lang='lat' dir='ltr'>consilio</span> <span class='ocrx_word' id='word_1_198' title='bbox 921 3355 1083 3417; x_wconf 89' lang='lat' dir='ltr'>Bernardi</span> <span class='ocrx_word' id='word_1_199' title='bbox 1098 3355 1232 3419; x_wconf 90' lang='lat' dir='ltr'>comitis</span> <span class='ocrx_word' id='word_1_200' title='bbox 1248 3354 1511 3420; x_wconf 88' lang='lat' dir='ltr'>Silvanectensis</span> 
     </span>
     <span class='ocr_line' id='line_1_28' title="bbox 386 3456 1510 3544; baseline 0 -25"><span class='ocrx_word' id='word_1_201' title='bbox 386 3463 419 3519; x_wconf 89' lang='lat' dir='ltr'>et</span> <span class='ocrx_word' id='word_1_202' title='bbox 439 3457 577 3518; x_wconf 87' lang='lat' dir='ltr'>alterius</span> <span class='ocrx_word' id='word_1_203' title='bbox 600 3456 761 3519; x_wconf 86' lang='lat' dir='ltr'>Bernardi</span> <span class='ocrx_word' id='word_1_204' title='bbox 779 3457 1077 3540; x_wconf 76' lang='lat' dir='ltr'>RothomagensiS,</span> <span class='ocrx_word' id='word_1_205' title='bbox 1100 3457 1194 3541; x_wconf 86' lang='lat' dir='ltr'>cujus</span> <span class='ocrx_word' id='word_1_206' title='bbox 1229 3481 1329 3544; x_wconf 90' lang='lat' dir='ltr'>supra</span> <span class='ocrx_word' id='word_1_207' title='bbox 1358 3457 1510 3521; x_wconf 91' lang='lat' dir='ltr'>memini-</span> 
     </span>
     <span class='ocr_line' id='line_1_29' title="bbox 386 3557 1579 3645; baseline -0.001 -24"><span class='ocrx_word' id='word_1_208' title='bbox 386 3582 473 3637; x_wconf 77' lang='lat' dir='ltr'>mus,</span> <span class='ocrx_word' id='word_1_209' title='bbox 487 3560 545 3643; x_wconf 92' lang='lat' dir='ltr'>qui</span> <span class='ocrx_word' id='word_1_210' title='bbox 561 3557 714 3621; x_wconf 87' lang='lat' dir='ltr'>fraudem</span> <span class='ocrx_word' id='word_1_211' title='bbox 730 3567 906 3637; x_wconf 87' lang='lat' dir='ltr'>noverant,</span> <span class='ocrx_word' id='word_1_212' title='bbox 925 3561 1019 3639; x_wconf 69' lang='lat' dir='ltr'>yenit</span> <span class='ocrx_word' id='word_1_213' title='bbox 1035 3559 1169 3622; x_wconf 86' lang='lat' dir='ltr'>obviam</span> <span class='ocrx_word' id='word_1_214' title='bbox 1186 3583 1318 3645; x_wconf 82' lang='lat' dir='ltr'>pagano</span> <span class='ocrx_word' id='word_1_215' title='bbox 1336 3560 1509 3645; x_wconf 83' lang='lat' dir='ltr'>Aygroldo</span> <span class='ocrx_word' id='word_1_216' title='bbox 1576 3632 1579 3640; x_wconf 27' lang='grc' dir='ltr'>Ι</span> 
     </span>
     <span class='ocr_line' id='line_1_30' title="bbox 386 3660 1508 3747; baseline 0.002 -25"><span class='ocrx_word' id='word_1_217' title='bbox 386 3660 457 3747; x_wconf 81' lang='lat' dir='ltr'>regi</span> <span class='ocrx_word' id='word_1_218' title='bbox 497 3663 685 3734; x_wconf 73' lang='lat' dir='ltr'>banorum,</span> <span class='ocrx_word' id='word_1_219' title='bbox 720 3662 824 3724; x_wconf 92' lang='lat' dir='ltr'>nichil</span> <span class='ocrx_word' id='word_1_220' title='bbox 859 3663 1036 3747; x_wconf 89' lang='lat' dir='ltr'>suspicans</span> <span class='ocrx_word' id='word_1_221' title='bbox 1081 3662 1172 3726; x_wconf 90' lang='lat' dir='ltr'>mali.</span> <span class='ocrx_word' id='word_1_222' title='bbox 1212 3662 1368 3726; x_wconf 88' lang='lat' dir='ltr'>Perfidus</span> <span class='ocrx_word' id='word_1_223' title='bbox 1401 3672 1508 3727; x_wconf 89' lang='lat' dir='ltr'>autern</span> 
     </span>
     <span class='ocr_line' id='line_1_31' title="bbox 387 3755 1514 3851; baseline 0.002 -27"><span class='ocrx_word' id='word_1_224' title='bbox 387 3764 582 3848; x_wconf 73' lang='lat' dir='ltr'>Aygroldus</span> <span class='ocrx_word' id='word_1_225' title='bbox 594 3787 695 3848; x_wconf 88' lang='lat' dir='ltr'>super</span> <span class='ocrx_word' id='word_1_226' title='bbox 707 3788 817 3849; x_wconf 83' lang='lat' dir='ltr'>regem</span> <span class='ocrx_word' id='word_1_227' title='bbox 840 3788 874 3827; x_wconf 88' lang='lat' dir='ltr'>se</span> <span class='ocrx_word' id='word_1_228' title='bbox 886 3765 1079 3827; x_wconf 89' lang='lat' dir='ltr'>venientem</span> <span class='ocrx_word' id='word_1_229' title='bbox 1090 3773 1227 3851; x_wconf 90' lang='lat' dir='ltr'>repente</span> <span class='ocrx_word' id='word_1_230' title='bbox 1242 3764 1352 3843; x_wconf 86' lang='lat' dir='ltr'>irruit,</span> <span class='ocrx_word' id='word_1_231' title='bbox 1370 3755 1514 3851; x_wconf 73' lang='lat' dir='ltr'>eumque</span> 
     </span>
     <span class='ocr_line' id='line_1_32' title="bbox 386 3864 1507 3953; baseline 0.005 -28"><span class='ocrx_word' id='word_1_232' title='bbox 386 3864 591 3950; x_wconf 80' lang='lat' dir='ltr'>imparatum</span> <span class='ocrx_word' id='word_1_233' title='bbox 615 3867 806 3945; x_wconf 81' lang='lat' dir='ltr'>inveniens,</span> <span class='ocrx_word' id='word_1_234' title='bbox 827 3890 911 3953; x_wconf 90' lang='lat' dir='ltr'>pene</span> <span class='ocrx_word' id='word_1_235' title='bbox 936 3890 1054 3930; x_wconf 90' lang='lat' dir='ltr'>omnes</span> <span class='ocrx_word' id='word_1_236' title='bbox 1079 3866 1152 3951; x_wconf 83' lang='lat' dir='ltr'>ejus</span> <span class='ocrx_word' id='word_1_237' title='bbox 1173 3867 1298 3930; x_wconf 91' lang='lat' dir='ltr'>milites</span> <span class='ocrx_word' id='word_1_238' title='bbox 1322 3868 1507 3945; x_wconf 88' lang='lat' dir='ltr'>interemit;</span> 
     </span>
     <span class='ocr_line' id='line_1_33' title="bbox 387 3966 1507 4056; baseline 0.004 -29"><span class='ocrx_word' id='word_1_239' title='bbox 387 3966 570 4053; x_wconf 90' lang='lat' dir='ltr'>statimque</span> <span class='ocrx_word' id='word_1_240' title='bbox 602 3991 642 4031; x_wconf 85' lang='lat' dir='ltr'>ex</span> <span class='ocrx_word' id='word_1_241' title='bbox 671 3970 856 4054; x_wconf 83' lang='lat' dir='ltr'>Lugdovici</span> <span class='ocrx_word' id='word_1_242' title='bbox 891 3973 985 4056; x_wconf 80' lang='lat' dir='ltr'>parte</span> <span class='ocrx_word' id='word_1_243' title='bbox 1010 3969 1206 4033; x_wconf 89' lang='lat' dir='ltr'>interfectus</span> <span class='ocrx_word' id='word_1_244' title='bbox 1231 3978 1283 4033; x_wconf 91' lang='lat' dir='ltr'>est</span> <span class='ocrx_word' id='word_1_245' title='bbox 1313 3971 1507 4046; x_wconf 91' lang='lat' dir='ltr'>Herluinus,</span> 
     </span>
     <span class='ocr_line' id='line_1_34' title="bbox 387 4068 1509 4149; baseline 0.005 -19"><span class='ocrx_word' id='word_1_246' title='bbox 387 4068 620 4132; x_wconf 86' lang='lat' dir='ltr'>Monasterioli</span> <span class='ocrx_word' id='word_1_247' title='bbox 648 4072 748 4134; x_wconf 85' lang='lat' dir='ltr'>castri</span> <span class='ocrx_word' id='word_1_248' title='bbox 781 4095 894 4134; x_wconf 90' lang='lat' dir='ltr'>comes</span> <span class='ocrx_word' id='word_1_249' title='bbox 928 4070 1173 4149; x_wconf 81' lang='lat' dir='ltr'>nobilissimus,</span> <span class='ocrx_word' id='word_1_250' title='bbox 1200 4079 1233 4135; x_wconf 90' lang='lat' dir='ltr'>et</span> <span class='ocrx_word' id='word_1_251' title='bbox 1262 4095 1340 4135; x_wconf 88' lang='lat' dir='ltr'>curn</span> <span class='ocrx_word' id='word_1_252' title='bbox 1361 4096 1401 4136; x_wconf 88' lang='lat' dir='ltr'>eo</span> <span class='ocrx_word' id='word_1_253' title='bbox 1429 4080 1509 4136; x_wconf 90' lang='lat' dir='ltr'>stre·</span> 
     </span>
     <span class='ocr_line' id='line_1_35' title="bbox 387 4172 1591 4259; baseline 0.002 -27"><span class='ocrx_word' id='word_1_254' title='bbox 387 4172 543 4234; x_wconf 89' lang='lat' dir='ltr'>nuissimi</span> <span class='ocrx_word' id='word_1_255' title='bbox 565 4173 706 4235; x_wconf 90' lang='lat' dir='ltr'>comites</span> <span class='ocrx_word' id='word_1_256' title='bbox 733 4174 945 4258; x_wconf 79' lang='lat' dir='ltr'>undeviginti</span> <span class='ocrx_word' id='word_1_257' title='bbox 968 4174 1162 4259; x_wconf 89' lang='lat' dir='ltr'>militesque</span> <span class='ocrx_word' id='word_1_258' title='bbox 1184 4196 1250 4236; x_wconf 94' lang='lat' dir='ltr'>non</span> <span class='ocrx_word' id='word_1_259' title='bbox 1274 4175 1386 4259; x_wconf 90' lang='lat' dir='ltr'>pauci.</span> <span class='ocrx_word' id='word_1_260' title='bbox 1417 4172 1508 4255; x_wconf 89' lang='lat' dir='ltr'>Quod</span> <span class='ocrx_word' id='word_1_261' title='bbox 1588 4244 1591 4258; x_wconf 29' lang='grc' dir='ltr'><strong><em>Δ</em></strong></span> 
     </span>
     <span class='ocr_line' id='line_1_36' title="bbox 387 4275 1508 4363; baseline 0.001 -29"><span class='ocrx_word' id='word_1_262' title='bbox 387 4294 527 4336; x_wconf 88' lang='lat' dir='ltr'>cernens</span> <span class='ocrx_word' id='word_1_263' title='bbox 544 4298 600 4337; x_wconf 88' lang='lat' dir='ltr'>rex</span> <span class='ocrx_word' id='word_1_264' title='bbox 620 4276 846 4359; x_wconf 72' lang='lat' dir='ltr'>Lugdovicus¹</span> <span class='ocrx_word' id='word_1_265' title='bbox 864 4275 958 4339; x_wconf 91' lang='lat' dir='ltr'>solus</span> <span class='ocrx_word' id='word_1_266' title='bbox 977 4276 1091 4361; x_wconf 80' lang='lat' dir='ltr'>fugere</span> <span class='ocrx_word' id='word_1_267' title='bbox 1107 4276 1215 4363; x_wconf 72' lang='lat' dir='ltr'>cepit3</span> <span class='ocrx_word' id='word_1_268' title='bbox 1235 4277 1293 4339; x_wconf 90' lang='lat' dir='ltr'>sed</span> <span class='ocrx_word' id='word_1_269' title='bbox 1311 4301 1329 4339; x_wconf 88' lang='lat' dir='ltr'>a</span> <span class='ocrx_word' id='word_1_270' title='bbox 1345 4278 1508 4341; x_wconf 73' lang='lat' dir='ltr'>Norman-v</span> 
     </span>
     <span class='ocr_line' id='line_1_37' title="bbox 387 4373 1508 4478; baseline 0.004 -44"><span class='ocrx_word' id='word_1_271' title='bbox 387 4373 451 4452; x_wconf 77' lang='lat' dir='ltr'>nis,</span> <span class='ocrx_word' id='word_1_272' title='bbox 479 4400 564 4461; x_wconf 83' lang='lat' dir='ltr'>quos</span> <span class='ocrx_word' id='word_1_273' title='bbox 592 4377 655 4439; x_wconf 90' lang='lat' dir='ltr'>sibi</span> <span class='ocrx_word' id='word_1_274' title='bbox 681 4401 755 4441; x_wconf 88' lang='lat' dir='ltr'>esse</span> <span class='ocrx_word' id='word_1_275' title='bbox 780 4378 896 4441; x_wconf 84' lang='lat' dir='ltr'>fideles</span> <span class='ocrx_word' id='word_1_276' title='bbox 921 4378 1090 4478; x_wconf 69' lang='lat' dir='ltr'>sperabat,</span> <span class='ocrx_word' id='word_1_277' title='bbox 1119 4387 1171 4441; x_wconf 89' lang='lat' dir='ltr'>est</span> <span class='ocrx_word' id='word_1_278' title='bbox 1197 4385 1351 4442; x_wconf 88' lang='lat' dir='ltr'>retentus</span> <span class='ocrx_word' id='word_1_279' title='bbox 1380 4387 1414 4443; x_wconf 92' lang='lat' dir='ltr'>et</span> <span class='ocrx_word' id='word_1_280' title='bbox 1452 4376 1508 4442; x_wconf 93' lang='lat' dir='ltr'>sub</span> 
     </span>
     <span class='ocr_line' id='line_1_38' title="bbox 386 4478 1508 4569; baseline 0.005 -33"><span class='ocrx_word' id='word_1_281' title='bbox 386 4478 537 4541; x_wconf 90' lang='lat' dir='ltr'>custodia</span> <span class='ocrx_word' id='word_1_282' title='bbox 563 4479 739 4543; x_wconf 85' lang='lat' dir='ltr'>Rhodomo</span> <span class='ocrx_word' id='word_1_283' title='bbox 756 4481 899 4566; x_wconf 89' lang='lat' dir='ltr'>positus.</span> <span class='ocrx_word' id='word_1_284' title='bbox 923 4483 1016 4544; x_wconf 90' lang='lat' dir='ltr'>Tunc</span> <span class='ocrx_word' id='word_1_285' title='bbox 1037 4481 1152 4565; x_wconf 76' lang='lat' dir='ltr'>regina</span> <span class='ocrx_word' id='word_1_286' title='bbox 1170 4480 1334 4567; x_wconf 87' lang='lat' dir='ltr'>Girberga</span> <span class='ocrx_word' id='word_1_287' title='bbox 1357 4480 1508 4569; x_wconf 86' lang='lat' dir='ltr'>Hugonis</span> 
     </span>
    </p>
   </div>
   <div class='ocr_carea' id='block_1_3' title="bbox 0 0 1905 5642">
    <p class='ocr_par' dir='ltr' id='par_1_3' title="bbox 0 0 1905 5642">
     <span class='ocr_line' id='line_1_39' title="bbox 0 0 1905 5642; baseline 0 0"><span class='ocrx_word' id='word_1_288' title='bbox 0 0 1905 5642; x_wconf 95' lang='lat' dir='ltr'> </span> 
     </span>
    </p>
   </div>
  </div>
 </body>
</html>
