3800 5642
432 778 475 842 20
793 799 934 842 ANNALES
959 799 999 841 oa
1022 797 1192 843 rnoooano
1494 778 1559 845 924

432 908 568 971 tandem
588 907 631 970 ad
650 906 857 993 colloquium
885 930 987 993 super
1015 907 1127 992 ipsum
1151 908 1278 970 flumen
1299 907 1447 994 Ligerim
1472 908 1558 972 infra

431 1032 557 1096 pagum
572 1009 943 1094 augustodunensem
961 1031 1159 1072 convenere.
1179 1008 1249 1095 ¹Ubi
1268 1017 1340 1073 tota
1360 1009 1414 1073 die
1436 1010 1559 1073 immo-

431 1111 529 1191 rati⁸,
555 1110 722 1174 Rodulfus
746 1134 787 1174 ex
813 1111 886 1180 hac.
909 1110 1127 1174 Willelmust
1157 1134 1196 1174 ex
1225 1111 1284 1175 illa
1308 1112 1460 1175 fluminis
1487 1136 1556 1192 ora,

432 1214 563 1277 nunciis
575 1225 588 1252 ¹¹
605 1213 774 1299 utrimque
784 1225 797 1252 υ
813 1212 1118 1300 progredientibus,
1135 1212 1262 1300 sicque,
1277 1214 1330 1277 die
1343 1222 1556 1300 consumpta,

431 1316 557 1378 flumen
589 1315 726 1379 tandem
752 1315 984 1380 Willelmusw
1008 1315 1175 1379 transiens
1202 1316 1245 1379 ad
1277 1315 1463 1379 Rodullum
1488 1316 1559 1404 jam

431 1424 534 1481 noctu
554 1417 708 1504 pervenit
734 1424 779 1497 et,
802 1429 916 1505 equooe
933 1418 1105 1496 desilienS,
1131 1417 1173 1480 ad
1198 1440 1312 1502 regem
1335 1430 1449 1505 equol
1476 1418 1559 1483 insi-

431 1520 568 1583 dentem
599 1519 742 1605 pedibus
776 1520 941 1595 accessit;
970 1542 1071 1607 quem
1095 1525 1275 1606 postquam
1302 1542 1362 1583 rex
1386 1522 1560 1585 osculatus

432 1628 483 1684 est
502 1622 696 1708 utrimque³
716 1622 915 1686 discessum.
938 1622 975 1684 ln
996 1622 1142 1685 crastino
1158 1622 1201 1685 ad
1229 1644 1342 1708 regem
1367 1624 1558 1709 regreditur

432 1722 630 1788 Willelmus
643 1734 657 1763 ἃ
673 1731 717 1803 et,
741 1732 816 1787 octo
837 1724 968 1787 dierum
990 1723 1136 1810 acceptis
1152 1723 1308 1805 induciiS,
1327 1734 1411 1811 post·
1426 1724 1558 1789 linitam

432 1825 655 1889 ebdomadam
682 1849 754 1889 sese
785 1824 881 1912 regib
911 1825 1106 1905 committit,
1139 1832 1172 1889 et
1198 1849 1257 1888 rex
1288 1825 1338 1889 illi
1368 1826 1559 1891 Bituricen-

432 1939 525 1990 sem⁰
558 1951 682 2014 pagum
712 1928 859 1991 restituit
895 1951 996 2015 quem
1040 1927 1093 1993 illi
1130 1951 1247 2013 nuper,
1289 1928 1416 1992 auxilio
1451 1928 1559 1993 fretus

433 2028 600 2109 Rotberti,
622 2030 766 2093 necdum
782 2038 895 2093 tamen
914 2030 1015 2115 regis,
1036 2030 1070 2092 vi
1085 2028 1305 2115 dempseratd
1324 2053 1402 2094 cum
1419 2031 1558 2095 civitate

433 2131 596 2216 Biturigis
607 2138 628 2195 ¹.
657 2131 834 2195 Heriberto
854 2132 1000 2218 denique
1021 2132 1225 2195 Perronam⁶
1241 2139 1275 2195 et
1292 2132 1428 2218 Hugoni
1443 2132 1468 2213 f,
1489 2133 1558 2197 filio

432 2233 598 2314 Rotberti,
624 2233 845 2296 Cinomannis
872 2234 982 2298 dedit.
1004 2233 1139 2299 Seullus
1164 2257 1298 2321 quoque
1330 2234 1556 2322 archiepisco-

433 2358 497 2421 pus
520 2343 647 2399 terram
679 2336 787 2399 saneti
813 2336 960 2422 Remigii
986 2336 1218 2423 conjacentem
1246 2336 1281 2398 in
1310 2336 1557 2423 Lugdunensis

434 2438 602 2523 provintia
617 2439 644 2516 ¹¹,
663 2438 704 2501 de
725 2461 790 2524 qua
812 2438 978 2502 Heriveus
998 2439 1177 2525 episcopus
1195 2436 1298 2501 nihili
1318 2438 1492 2518 habuerat,
1517 2440 1559 2503 ab

382 2574 395 2595 ο
435 2539 579 2626 Hugone
595 2540 635 2604 de
654 2539 783 2603 Vienna
795 2540 819 2618 ¹²,
838 2540 895 2627 qui
907 2540 1039 2604 eidemJ'
1056 2540 1225 2628 colloquio
1241 2541 1402 2605 intererat
1412 2540 1439 2618 Ι,
1461 2542 1559 2605 reim-

466 2798 489 2858 r)
509 2798 776 2857 Augustidinensem,
796 2798 828 2850 Α,
847 2798 1124 2858 Augustidunensem,
1145 2797 1176 2853 Β,
1200 2797 1229 2855 D,
1250 2798 1509 2859 Augustudunense,
1529 2799 1558 2854 C,

435 2860 719 2921 Augustudunensem,
739 2859 768 2907 Ε.
784 2888 811 2893 -
825 2874 846 2920 s)
860 2860 997 2919 inmorati,
1010 2860 1039 2917 Β,
1060 2859 1087 2919 C,
1104 2860 1135 2918 D,
1147 2860 1177 2906 E.
1192 2888 1223 2894 —
1236 2860 1255 2920 tl
1274 2859 1427 2918 Willemus,
1442 2862 1474 2909 A.
1488 2888 1519 2896 -
1532 2868 1558 2919 u)

435 2921 526 2976 nuliis,
551 2921 579 2979 C,
598 2922 709 2978 nuntiis,
722 2921 754 2980 D,
769 2922 893 2978 ornutiis,
911 2921 942 2967 ΙΙ.
961 2949 993 2956 —
1010 2923 1035 2983 υ)
1057 2921 1192 2983 utrinque,
1207 2921 1237 2968 Ε.
1257 2948 1289 2957 -
1305 2923 1338 2982 w)
1357 2921 1512 2982 Willemus,
1526 2924 1557 2971 Α.

433 3010 463 3018 -
480 2994 507 3041 a]
527 2998 605 3044 equo,
630 2984 660 3032 D.
682 3011 713 3019 -
751 2986 866 3055 lacque,
881 2985 912 3031 D.
931 2985 997 3045 -zl
1011 2984 1148 3046 utrinque,
1165 2984 1195 3031 E.
1215 3011 1244 3018 -
1260 2984 1283 3044 a)
1303 2983 1457 3042 Willcmus,
1472 2988 1504 3033 A.
1527 3012 1561 3020 -

434 3044 459 3105 b)
479 3060 578 3105 regem,
603 3046 632 3093 Β.
651 3073 682 3081 -
699 3046 722 3107 cl
759 3046 944 3105 iturigensem,
961 3046 992 3104 A,
1016 3074 1045 3081 -
1063 3046 1089 3106 d)
1119 3046 1254 3100 deriserat,
1274 3047 1305 3101 A,
1333 3047 1512 3108 depresserat,
1527 3047 1558 3095 B.

434 3135 463 3142 -
478 3109 501 3165 e)
520 3107 663 3166 Per-onam,
676 3110 707 3156 A.
722 3135 753 3143 -
769 3107 794 3169 f)
810 3109 897 3169 liuga,
912 3109 942 3156 Β.
964 3136 993 3143 -
1010 3110 1038 3169 9)
1057 3109 1223 3167 Luduncnsi,
1240 3107 1268 3167 Β,
1284 3107 1313 3167 C,
1328 3108 1358 3156 D.
1372 3109 1403 3157 Ε.
1416 3136 1446 3144 -
1457 3110 1484 3171 Ιι)
1499 3124 1562 3171 pro-

435 3170 531 3227 vincia,
545 3170 576 3228 B,
589 3169 617 3279 (ὲ,
631 3170 661 3230 D,
672 3170 703 3219 Β.
721 3199 750 3206 -
761 3170 780 3232 i)
797 3171 887 3230 nichil,
900 3170 928 3230 C,
942 3171 973 3218 E.
989 3170 1049 3233 -jl
1064 3172 1168 3229 eodem,
1181 3184 1252 3218 corr.
1271 3184 1304 3217 en
1323 3171 1419 3230 eidem,
1439 3171 1470 3220 D.
1490 3200 1520 3207 —
1532 3172 1560 3233 lc)

435 3232 573 3291 intererat,
615 3269 620 3280 .
710 3249 720 3264 ·

466 3608 487 3650 1.
506 3603 541 3649 Ce
559 3618 672 3663 passage
688 3607 730 3650 est
747 3602 996 3664 particulierement
1013 3603 1148 3664 precieux.
1169 3603 1301 3651 Flodoard
1321 3619 1504 3667 accompagna
1527 3619 1560 3651 en

434 3666 505 3718 estet,
524 3665 709 3726 l'archeveque
729 3665 847 3724 Sc'uls,ri
868 3666 891 3712 la
907 3666 977 3712 suite
995 3666 1027 3712 de
1047 3666 1140 3725 Raoul,
1159 3670 1186 3713 et
1204 3666 1245 3713 sut
1266 3667 1366 3714 tdmoin
1390 3667 1509 3715 oculaire
1526 3668 1560 3714 de

435 3727 589 3776 l'entrevue.
600 3728 640 3774 Cf.
654 3729 727 3775 aussi
737 3728 843 3783 Rieher,
857 3728 876 3787 l,
890 3730 934 3786 483
948 3726 1067 3775 Annales
1084 3728 1262 3775 ll'ivernenses
1276 3729 1355 3786 (Mon.
1369 3729 1469 3788 Germ„
1488 3728 1559 3785 Ser..

435 3789 509 3847 ΧΙΙΙ,
531 3791 582 3849 89];
598 3804 661 3850 roy.
673 3789 792 3836 Histoire
810 3790 842 3837 de
862 3790 1031 3851 Languedoc,
1044 3805 1124 3837 nouv.
1141 3790 1193 3850 ed,
1208 3790 1255 3850 ΙΙΙ,
1276 3797 1355 3839 95.-
1368 3791 1455 3838 Raoul
1466 3790 1561 3839 e'tuitt
1593 3800 1594 3803 ’

434 3852 527 3899 Autun
545 3852 569 3898 le
593 3856 622 3896 29
641 3851 739 3898 levrier
762 3854 806 3897 924
829 3852 958 3914 (diplome
983 3867 1052 3913 pour
1069 3852 1343 3915 Saint-Symphoricn
1364 3867 1370 3913 ;
1401 3852 1504 3901 Hister.
1527 3852 1560 3901 de

434 3913 488 3971 Fr,
515 3913 561 3972 ΙΧ,
582 3918 645 3964 562:
669 3914 788 3974 Lippert,
817 3929 859 3975 op.
878 3914 936 3978 cit,
964 3914 1090 3974 Regestc,
1111 3925 1140 3960 n⁰
1170 3916 1202 3976 1).
1228 3915 1264 3961 En
1286 3915 1363 3973 avril,
1391 3914 1410 3962 il
1435 3914 1502 3964 etan
1527 3916 1561 3962 de

434 3976 552 4023 retourd
573 3974 674 4021 Clralon
696 3974 806 4036 (Hister.
828 3976 860 4023 de
880 3976 1207 4038 Fr.,1x‚5m;1.ippe1·t,
1228 3986 1255 4023 n⁰
1278 3978 1310 4037 2).
1333 3978 1446 4039 Lippert
1465 3978 1560 4026 estime

434 4039 470 4100 (p.
485 4039 523 4099 40)
538 4052 591 4084 non
604 4051 665 4083 sans
678 4038 900 4098 vraiscnrblance,
912 4054 964 4100 que
978 4043 1053 4086 toute
1062 4054 1114 4086 une
1123 4054 1188 4086 cour
1198 4040 1335 4087 entourait
1346 4039 1371 4086 le
1384 4039 1424 4086 roi
1439 4038 1560 4097 RaouLa

433 4116 463 4148 ce
477 4102 597 4147 moment
617 4114 622 4146 z
643 4099 829 4161 l'archevtque
847 4100 931 4158 seulf,
950 4101 1071 4164 leveque
1089 4103 1121 4149 de
1141 4100 1244 4164 Troyes
1259 4101 1365 4159 Auscis,
1388 4100 1510 4164 leveque
1527 4102 1560 4149 de

432 4162 568 4223 Soissons,
590 4162 699 4219 Abbon,
717 4162 870 4210 chancolier
886 4164 972 4225 royal,
995 4165 1105 4225 Hugues
1123 4164 1147 4210 le
1165 4164 1266 4222 Grand,
1286 4164 1327 4210 fils
1344 4164 1377 4211 de
1396 4163 1558 4222 Robert1·',

434 4224 553 4272 llerbert
573 4224 596 4271 ΙΙ
615 4226 648 4271 de
662 4225 849 4281 Vermandois,
864 4226 888 4273 le
908 4229 998 4273 comte
1012 4228 1122 4287 Hugues
1143 4227 1166 4273 le
1183 4226 1250 4273 Noir
1262 4226 1341 4287 (frere
1355 4226 1388 4272 de
1402 4225 1510 4287 naon),
1521 4225 1560 4273 les

433 4292 536 4336 comtes
548 4285 649 4333 Walon
664 4288 706 4348 (de
720 4287 811 4346 Dijon,
823 4291 934 4350 920-924)
946 4291 974 4336 et
991 4289 1106 4345 Gilbert,
1118 4290 1206 4335 comte
1219 4288 1338 4336 d’Autun
1353 4303 1402 4348 par
1413 4302 1442 4335 sa
1462 4289 1559 4336 femme

434 4349 594 4410 ErmenJart,
618 4349 671 4397 fille
689 4350 722 4395 de
742 4349 859 4397 Richard
877 4350 900 4397 le
923 4351 1059 4403 Justicicr,
1077 4351 1138 4411 plus
1157 4351 1216 4397 tard
1233 4351 1285 4397 duc
1299 4351 1333 4397 de
1352 4350 1460 4410 Bourgo
1481 4365 1513 4397 ne
1527 4365 1558 4397 en

433 4416 487 4469 952,
513 4411 602 4459 l'abbe
623 4412 655 4459 dc
678 4412 868 4461 Saint-Martin
888 4413 1009 4461 d'Autun
1029 4414 1133 4472 Eimen,
1156 4412 1243 4460 labbe
1267 4414 1300 4460 de
1317 4412 1442 4459 Tournus
1488 4410 1558 4472 eric,

433 4473 458 4520 le
469 4475 561 4534 prieur
573 4476 604 4521 de
616 4474 888 4537 Saint-Symphorien
897 4475 1019 4523 d'Autun
1031 4476 1170 4533 Hermold,
1184 4474 1347 4536 l'evtquedu
1361 4474 1420 4537 Puy
1429 4474 1557 4522 Adulard.

465 4542 487 4583 2.
507 4538 627 4598 Hugues,
644 4536 685 4583 fils
698 4538 730 4584 de
741 4537 865 4585 Thibaud
875 4541 964 4585 comte
975 4537 1079 4586 d'Arles
1090 4542 1116 4585 et
1127 4538 1160 4584 de
1173 4537 1197 4583 V
1199 4538 1313 4597 iennois,
1330 4537 1449 4598 marquis
1467 4540 1495 4584 et
1507 4536 1558 4584 duc

434 4598 627 4657 dc'Provence,
643 4600 682 4645 roi
700 4599 805 4648 d'ltaiie
818 4600 851 4648 eii
864 4606 918 4660 926,
933 4603 1004 4648 mort
1020 4615 1051 4648 en
1065 4604 1119 4647 917.
1136 4600 1171 4647 La
1185 4600 1314 4661 presence
1333 4600 1366 4646 de
1386 4614 1416 4646 ce
1434 4598 1559 4661 seigneur
