3800 5642
895 666 1084 711 napuunrcus
1483 649 1546 715 495

473 790 574 853 Anno
593 787 747 873 sequenti
774 809 916 873 regnum
940 788 1161 852 lothariense
1186 789 1228 854 ob
1253 792 1549 877 persequutionem

428 890 610 956 Gisleberti
628 889 835 968 etOthonis
860 890 999 975 rapinis,
1023 892 1220 977 sacrilegiis,
1247 893 1423 973 incendiis,
1448 894 1548 957 etiam

426 1002 577 1081 tempore
597 990 894 1075 Quadragesimae,
919 1000 1084 1057 vastatur.
1111 994 1301 1072 Richarius‚
1326 996 1383 1081 qui
1405 997 1548 1059 Romam

427 1094 597 1184 profectus
629 1093 737 1158 luerat
765 1090 904 1180 propter
927 1096 1136 1182 episcopium
1159 1097 1367 1183 Tungrense,
1394 1121 1550 1189 reversus

426 1206 478 1263 est
504 1198 717 1261 ordinatusa
742 1196 897 1262 iohanne
923 1221 1010 1283 papa
1031 1199 1075 1262 IX
1101 1199 1291 1285 episcopus,
1320 1200 1483 1263 Hilduino
1507 1200 1548 1264 ab

425 1302 499 1388 ipso
511 1324 595 1387 papa
610 1299 913 1363 excommunicato,
929 1300 1042 1386 Droga
1063 1300 1232 1364 Tullensis
1250 1302 1427 1387 episcopus
1443 1303 1545 1376 obiit:

426 1402 611 1467 Gauzlinus
630 1402 806 1481 suecessit,
817 1402 874 1487 qui
890 1402 991 1465 etiam
1007 1402 1183 1465 ordinatus
1199 1411 1251 1466 est
1263 1402 1303 1467 16
1318 1404 1392 1469 Kal.
1407 1405 1546 1491 Aprilis.

426 1505 500 1583 Quo
516 1505 618 1569 etiam
631 1527 719 1567 anno
736 1512 952 1568 consecratus
965 1504 999 1567 in
1020 1528 1133 1588 regem
1147 1505 1325 1580 imbertus
1335 1514 1372 1569 ut
1385 1506 1549 1592 praedixi-

426 1631 515 1688 muS‚
529 1608 642 1694 palam
659 1605 785 1669 invasit
800 1607 1026 1692 tyrannidem.
1042 1607 1208 1670 Heriveus
1225 1608 1406 1671 Remorum
1423 1610 1549 1672 arehie-

425 1710 584 1796 piscopus
599 1708 653 1772 die
673 1708 769 1772 tertia
784 1716 862 1794 post
877 1709 1166 1772 consecrationem
1185 1709 1323 1773 Roberti
1340 1710 1434 1791 obiit,
1453 1720 1549 1774 sexto

425 1835 532 1875 nonas
548 1810 642 1891 tulii,
664 1818 845 1897 antequam
868 1811 910 1874 22
931 1810 983 1873 sui
1004 1811 1217 1898 episcopatus
1238 1812 1546 1897 expleretannum3

425 1914 477 1978 cui
496 1913 662 1978 successit
681 1912 818 1977 Seulfus
848 1921 925 1976 tunc
952 1913 1221 1978 archidiaconus,
1250 1915 1418 1978 Robertus
1441 1916 1548 1978 lilium

425 2040 526 2081 suum
556 2016 737 2101 Hugonem
763 2014 796 2078 in
822 2038 965 2099 regnum
991 2015 1141 2079 lotharii
1167 2017 1285 2081 mittit.
1312 2016 1376 2094 Qui
1402 2018 1549 2104 acceptis

425 2118 601 2183 obsidibus
616 2141 632 2181 a
647 2116 850 2203 quibusdam
862 2117 1153 2197 Lothariensibus,
1171 2120 1213 2182 ad
1228 2128 1356 2206 patrem
1372 2121 1545 2183 remeavit.

425 2221 612 2287 Obsederat
628 2219 718 2296 enim
731 2219 873 2283 liarolus
890 2219 1173 2306 Capraemontem
1188 2227 1336 2284 castrum
1352 2221 1546 2299 Gisleberti,

425 2324 467 2387 ad
493 2322 585 2411 quod
610 2321 822 2386 liberandum
855 2322 1046 2408 praedictus
1082 2323 1182 2409 Hugo
1215 2324 1340 2386 missus
1371 2332 1445 2401 est;
1481 2348 1548 2411 quo

425 2433 608 2512 comperto,
631 2424 776 2488 Karalus
792 2423 1004 2488 obsidionem
1026 2425 1172 2511 reliquit.

469 2530 570 2592 Anno
586 2528 652 2591 inc.
670 2527 768 2591 Dom.
783 2525 847 2589 922
863 2526 953 2612 apud
967 2526 1187 2591 Cameracum
1201 2528 1265 2591 visi
1281 2536 1361 2592 sunt
1376 2535 1443 2592 tres
1462 2529 1550 2593 soles

425 2632 458 2694 in
492 2630 564 2694 celo
591 2629 687 2715 quasi
717 2652 888 2715 apparere,
918 2629 971 2691 vel
1000 2629 1051 2692 sol
1077 2639 1145 2693 tres
1171 2630 1306 2695 orbesa
1339 2654 1374 2694 se
1403 2632 1546 2695 invicem

425 2734 590 2798 distantes
603 2730 738 2809 habere,
751 2731 817 2794 duo
829 2754 962 2819 quoque
976 2732 1104 2818 spicula
1118 2741 1151 2796 et
1166 2732 1231 2796 duo
1246 2733 1378 2821 stipites
1391 2734 1456 2797 visi
1470 2740 1550 2798 sunt

426 2835 490 2899 sibi
501 2833 768 2920 propinquantes
781 2833 888 2896 donec
901 2841 980 2896 sunt
991 2835 1138 2920 cooperti
1149 2857 1155 2915 ;
1169 2844 1202 2898 et
1214 2843 1415 2899 terremotus
1427 2836 1545 2901 lactus

353 2962 390 3011 ul.
470 2935 719 3002 JohanniVllll
735 2958 840 3021 papae
856 2944 1090 2999 successerunt
1106 2938 1319 3017 Benedictus,
1338 2939 1416 3009 Leo,
1435 2939 1548 3003 Chris·
1613 2927 1614 2930 ¹

354 3042 386 3086 ¹¹2·
426 3040 566 3110 tolorus‚
584 3037 734 3121 Sergius
754 3039 969 3117 Anastasius
989 3039 1114 3119 Lenda,
1132 3039 1304 3104 lohannes
1326 3042 1365 3105 X.

364 3170 425 3217 nnn.
472 3143 573 3205 Anno
589 3140 630 3204 ab
648 3140 714 3205 inc.
729 3141 826 3203 Dom.
839 3139 916 3221 923,
928 3140 1110 3205 indictione
1126 3142 1184 3222 xl,
1196 3142 1364 3206 Robertus
1380 3142 1548 3229 profectus

424 3245 458 3308 in
475 3266 617 3328 regnum
634 3241 852 3306 Lothariense
870 3266 947 3306 eum
971 3243 1126 3307 Heinrico
1145 3252 1282 3330 paetum
1301 3246 1388 3327 iniit,
1406 3253 1439 3310 et
1459 3246 1546 3308 datis

424 3347 593 3431 utrimque
624 3344 821 3408 muneribus
851 3345 1038 3408 discessum
1071 3354 1142 3423 est;
1179 3345 1236 3409 ubi
1281 3348 1381 3410 etiam
1409 3348 1545 3433 quidam

424 3446 696 3513 Lothariensium
716 3446 850 3510 obsides
871 3447 1018 3511 Roberto
1039 3448 1261 3527 dede1·unt‚et
1280 3449 1433 3512 inducias
1451 3473 1546 3513 acee-

424 3557 556 3637 perunt.
585 3549 726 3613 Carolus
755 3572 835 3612 vero
862 3573 938 3612 cum
978 3550 1047 3613 suis
1085 3550 1363 3614 Lothariensibus
1393 3551 1544 3615 inducsas

423 3639 714 3737 confringentibus
747 3650 878 3714 Mosam
909 3652 1086 3728 transiens,
1118 3651 1181 3715 sul)
1210 3652 1291 3715 urbe
1315 3652 1541 3738 Suessioniea,

424 3754 480 3818 ubi
498 3753 685 3817 Robertum
701 3752 817 3816 sedere
839 3762 1049 3839 compererat
1070 3753 1164 3832 abiit,
1183 3762 1214 3817 el
1232 3755 1266 3817 in
1285 3756 1468 3826 crastinum
1490 3756 1543 3819 die

423 3855 602 3931 dominica,
634 3856 715 3917 liora
755 3862 848 3918 sexta
876 3856 947 3940 jam
986 3857 1177 3942 praeterita,
1208 3857 1345 3920 Francis
1379 3858 1543 3943 proelium

424 3980 488 4021 non
510 3956 736 4043 sperantibus
769 3957 923 4043 plurimis
947 3982 1081 4044 quoque
1107 3959 1362 4044 prandentibus,
1386 3962 1540 4024 Axonam

424 4059 568 4130 transiit,
586 4066 619 4123 et
639 4082 741 4146 super
756 4059 942 4123 Robertum
963 4060 1071 4125 irruit.
1094 4063 1142 4124 At
1161 4060 1217 4124 ille
1232 4063 1371 4125 armatis
1390 4063 1439 4125 cis
1456 4086 1541 4149 quos

423 4185 535 4225 secum
573 4160 730 4238 habebat,
771 4168 887 4225 contra
929 4164 1105 4249 processit,
1141 4165 1389 4251 commissoque
1415 4165 1541 4250 proelio

424 4264 538 4327 multis
558 4264 733 4349 utrimque
777 4264 988 4343 cadentibus
1041 4266 1208 4330 liebertus
1247 4290 1379 4352 quoque
1416 4266 1541 4330 lanceis

422 4366 596 4451 perfossus
611 4364 800 4451 procubuit.
814 4367 857 4428 Hi
874 4375 987 4430 tamen
999 4369 1056 4453 qui
1070 4377 1165 4432 erant
1176 4392 1252 4432 cum
1268 4369 1424 4436 llolierto.
1442 4369 1540 4454 Hugo

375 4456 379 4461 ’
425 4469 535 4533 cilicet
553 4468 641 4531 filius
660 4466 745 4553 ejus,
764 4475 796 4532 et
812 4468 1013 4533 Heribertus
1034 4493 1147 4535 comes
1165 4471 1441 4549 Vermandensis‚
1464 4495 1538 4535 curn
