3800 5642
758 705 988 750 INTRODUCTION
1393 707 1439 752 XV

313 828 355 892 20
364 827 542 892 decembre
566 825 643 907 976,
666 825 798 891 celebre
818 849 960 913 parson
980 835 1076 892 vaste
1097 829 1222 908 savoir,
1245 835 1279 894 et
1296 829 1440 894 Bathier

314 946 353 1008 de
369 944 508 1022 Ve'rone,
520 943 668 1029 quietait
677 966 719 1007 en
729 941 892 1006 relations
903 943 1135 1031 scientifiques
1144 967 1225 1008 avec
1235 944 1436 1012 Flodoard¹.

314 1061 342 1124 ll
362 1067 414 1124 est
429 1060 633 1123 interessent
650 1058 691 1122 de
705 1066 881 1145 rapporter
894 1058 924 1122 la
943 1058 1043 1123 lettre
1058 1059 1100 1124 de
1116 1059 1285 1140 de'dieace,
1303 1084 1360 1125 car
1374 1060 1440 1126 elle

308 1175 394 1262 jette
408 1174 555 1263 quelque
564 1174 703 1238 lumiere
717 1197 775 1238 sur
783 1174 832 1238 les
841 1174 963 1238 details
976 1174 1115 1238 intimes
1127 1175 1168 1240 de
1180 1175 1213 1239 la
1223 1176 1278 1241 vie
1290 1177 1332 1241 de
1342 1183 1439 1241 notre

312 1298 432 1355 auteur
445 1311 452 1357 τ
463 1290 495 1354 le
505 1289 592 1353 froid
607 1289 687 1353 d'un
698 1289 796 1354 hiver
806 1290 987 1375 rigoureux
1003 1298 1037 1355 et
1052 1290 1083 1355 la
1099 1297 1207 1356 rarete'
1220 1291 1280 1355 des
1290 1292 1439 1379 copistes

311 1405 554 1470 llentraverent
568 1406 653 1470 dans
673 1428 735 1469 son
752 1404 886 1470 travail.

353 1547 488 1606 Domino
510 1546 690 1620 venerabili,
713 1553 742 1606 et
765 1524 928 1606 in'Christi
945 1545 1078 1606 karitate
1095 1546 1263 1606 admodum
1280 1546 1436 1627 diligibili,

313 1654 452 1734 preclaro
484 1654 598 1735 presuli
624 1653 662 1714 R.
695 1653 899 1726 FlodoarduS,
930 1661 1036 1712 tantae
1067 1654 1269 1732 benignitatis
1289 1654 1437 1728 famuluS,

313 1780 405 1820 omne
424 1745 771 1820 sanctarum'virtutum
790 1761 822 1818 in
841 1759 968 1820 Christo
987 1761 1148 1839 gaudium.

353 1867 558 1927 Creberrimis
574 1866 824 1926 admonitionum
842 1875 1017 1926 vestrarum
1031 1867 1166 1926 stimulis
1184 1868 1362 1948 instigatus,
1378 1868 1440 1929 dis·

312 1959 402 2033 cusso
417 1975 543 2033 tandem
557 1973 693 2033 desidiae
707 1973 884 2054 pigritantis
895 1981 1032 2054 torpore,
1046 1973 1446 2054 abjectisquediversarum·

311 2101 457 2140 curarum
472 2080 733 2161 occupationibus
756 2081 859 2157 relego
886 2080 1037 2138 ferventis
1053 2080 1149 2139 studii
1167 2081 1262 2139 vestri
1281 2081 1439 2141 sollertiae

312 2186 522 2268 quadrifidum
538 2187 636 2246 nostri
654 2186 769 2246 laboris
784 2207 862 2267 opus
876 2186 1096 2266 undecumque
1112 2187 1277 2246 collectum
1299 2195 1331 2247 et
1354 2188 1441 2268 capi-

314 2293 447 2366 tulatim,
467 2301 561 2374 prout
576 2293 689 2375 jubere
708 2294 826 2371 dignati
847 2294 933 2365 estiS,
958 2294 1157 2374 dispositum,
1178 2301 1301 2353 nostrae
1321 2295 1441 2354 scilicet

313 2401 468 2460 Ecclesiae
485 2400 648 2460 Remensis
663 2400 864 2460 historiarum
882 2400 1008 2459 librum.
1028 2399 1118 2459 Haud
1134 2401 1238 2460 mirari
1253 2400 1440 2481 veleumque

312 2514 419 2587 petens
435 2507 632 2566 sanctitatem
652 2506 797 2566 culminis
822 2507 918 2565 vestri
937 2528 1032 2587 super
1051 2507 1109 2565 hac
1126 2507 1336 2566 remoratione
1351 2507 1453 2574 obser

311 2613 376 2694 quii
395 2614 506 2686 nostri,
530 2620 639 2693 utpote
664 2613 795 2672 diversis
820 2613 1081 2693 occupationibus
1113 2614 1280 2694 prepediti,
1311 2614 1438 2674 hiemali

310 2741 435 2801 quoque
448 2720 586 2798 glacialis
602 2720 671 2799 gelu
688 2720 798 2797 rigoris
812 2720 968 2794 obstricti,
984 2728 1201 2780 caraxatorum
1220 2721 1439 2801 insuperindi-

311 2827 416 2905 gentia
431 2827 572 2887 coartati.
589 2827 698 2905 Neque
717 2827 842 2900 mirum,
860 2848 909 2886 me
926 2827 1057 2885 nimium
1081 2827 1112 2885 in
1136 2827 1330 2886 correctione
1356 2848 1441 2886 meo-

311 2955 380 2993 rum
402 2941 502 2994 terere
517 2954 620 2993 moras
636 2933 870 3014 opusculorum,
888 2954 960 2992 cum
985 2940 1126 2992 veterum
1151 2933 1295 2992 nonnulli
1309 2935 1441 3014 scripto·

310 3061 378 3098 rum
395 3041 492 3119 magis
504 3041 536 3099 in
555 3040 776 3100 retractatione
796 3061 935 3114 suorum,
953 3061 1048 3120 quam
1067 3040 1273 3100 meditatione
1285 3041 1439 3100 demorati

311 3147 452 3206 serantur
472 3147 634 3207 librorum.
655 3147 715 3207 Sed
734 3168 791 3206 nec
808 3146 910 3206 adhuc
926 3168 1034 3206 omnes
1051 3147 1087 3206 ad
1107 3148 1282 3228 perlectum
1299 3168 1347 3207 me
1362 3154 1440 3228 puto

311 3253 486 3314 eliminasse
506 3255 634 3313 mendas
647 3273 654 3327 ;
668 3261 699 3312 et
717 3253 741 3312 si
757 3276 818 3333 qua
840 3255 1037 3334 reperientur
1059 3255 1221 3334 scriptoris
1246 3255 1327 3313 forte
1347 3254 1437 3327 vicia,

310 3360 481 3421 industriae
497 3369 621 3420 vestrae
633 3369 785 3441 poterunt
801 3361 967 3441 expurgari
989 3361 1121 3439 sagacia.
1146 3362 1217 3419 Non
1231 3361 1314 3420 enim
1330 3381 1380 3419 me
1398 3361 1440 3420 ita

310 3468 485 3547 perlectum
496 3468 612 3527 reorad
626 3489 762 3546 unguem
777 3468 843 3527 lore
861 3476 1137 3547 perscrutatorem,
1148 3474 1182 3526 ut
1195 3468 1274 3526 lerre
1289 3468 1397 3539 nolim,
1414 3467 1439 3526 si

310 3594 403 3653 quem
418 3574 648 3652 diligentiorem
663 3576 694 3633 in
705 3574 869 3633 elimandis
881 3575 972 3633 viciis
982 3575 1131 3633 invenero
1142 3580 1363 3632 correctorem.
1381 3573 1439 3651 lgi-

311 3681 442 3761 turquia
455 3682 629 3740 sanctitatis
639 3693 760 3740 vestrae
775 3681 855 3740 circa
871 3682 1049 3739 tantitatem
1062 3687 1200 3740 nostram
1214 3681 1340 3760 profusa
1353 3679 1440 3738 vide-

310 3795 362 3846 tur
374 3787 559 3847 exuberasse
575 3788 713 3862 dilectio,
726 3788 808 3846 hunc
819 3788 916 3847 studii
925 3788 1024 3846 nostri
1036 3789 1185 3860 fructum,
1201 3787 1295 3846 vestri
1308 3787 1438 3863 dignum

312 3893 388 3953 duxi
400 3894 562 3953 tutaminis
578 3895 721 3974 delegare
736 3895 924 3975 patrocinio,
939 3901 974 3954 ut
986 3915 1065 3974 quae
1081 3916 1097 3953 a
1111 3902 1217 3953 nostra
1227 3902 1300 3952 sunt
1314 3894 1398 3953 dicta
1410 3894 1441 3952 in

311 4001 448 4060 tenebris
467 4001 702 4075 humilitat.e,ab
717 4001 890 4060 industriae
909 4008 1030 4061 vestrae
1044 4001 1235 4060 sublimitate
1251 4000 1397 4059 dicantur
1409 4000 1441 4059 in

316 4107 445 4168 lumine.

358 4239 449 4307 C'est
463 4243 496 4308 la
512 4243 684 4307 meilleure
699 4242 838 4307 histoire
851 4243 990 4331 d'e'glise
1004 4243 1062 4307 des
1076 4251 1186 4330 temps
1200 4242 1438 4328 carolingiens,

311 4365 430 4422 etune
452 4359 542 4423 mine
571 4359 782 4446 ine‘puisable
805 4383 890 4445 pour
913 4359 1079 4422 l'histoire
1100 4357 1263 4445 politique
1290 4364 1323 4422 et
1350 4357 1440 4421 litte'-

344 4584 367 4628 1.
387 4580 457 4643 Voy.
474 4581 535 4643 plus
548 4582 623 4642 haut,
637 4597 704 4644 page
717 4598 773 4630 vm.
