3800 5642
415 646 478 716 196
881 668 1072 717 aeraunicas

343 794 346 799 .
409 810 549 879 caeteris
573 810 712 873 victoria
748 809 859 895 potiti,
891 809 1051 873 Carolum
1082 832 1157 873 cum
1188 808 1467 873 Lothariensibus
1493 808 1520 872 in

409 913 523 998 fugam
541 918 699 990 vertunt3
722 912 781 975 sed
802 912 845 975 ob
868 915 1012 976 mortem
1037 911 1125 998 regis
1149 911 1201 974 sui
1220 912 1379 999 persequi
1395 911 1521 975 destite-

409 1022 498 1095 runt,
517 1038 673 1101 campum
689 1014 926 1094 obtinuerunt,
943 1013 1272 1103 spoliaarusticanis
1287 1014 1418 1099 direpta
1438 1020 1520 1077 sunt.

394 1118 646 1189 ,Lotharienses
670 1116 785 1180 relicto
811 1116 899 1179 intra
928 1139 1069 1203 regnum
1091 1117 1116 1181 F
1119 1117 1250 1180 ranciae
1267 1115 1403 1193 Carolo,
1421 1139 1523 1180 rever-

408 1226 526 1284 tuntur
543 1222 583 1284 ad
603 1243 674 1296 sua,
699 1219 756 1305 qui
771 1218 889 1282 multis
904 1218 1133 1303 legationibus
1151 1217 1356 1282 Herbertum
1373 1219 1523 1283 comitem

408 1330 441 1386 et
458 1322 609 1386 Seulfum
629 1322 929 1408 archiepiscopum,
949 1328 988 1385 ut
1006 1320 1049 1384 ad
1069 1344 1129 1385 sua
1154 1327 1379 1397 revertantur,
1402 1328 1520 1385 exorat.

319 1413 322 1421 ¹
409 1424 507 1502 Quod
531 1424 580 1488 illi
605 1431 796 1503 renuenteS,
819 1447 878 1508 pro
902 1423 1049 1486 Rodulfo
1073 1422 1230 1486 Richardi
1254 1423 1440 1488 Justitiarii
1462 1422 1523 1485 filio

408 1526 440 1588 in
454 1526 683 1612 burgundiam
695 1525 967 1604 transmiserunt,
979 1525 1036 1612 qui
1049 1548 1154 1611 ocyus
1171 1549 1249 1589 oum
1269 1526 1376 1589 multa
1392 1548 1523 1588 suorum

408 1651 510 1692 manu
541 1629 609 1691 illis
640 1629 793 1704 occurrit,
824 1636 857 1691 et
891 1626 1012 1692 Carolo
1043 1635 1138 1690 trans
1172 1628 1305 1692 Mosam
1326 1627 1522 1712 refugiente,

408 1730 479 1816 ipse
494 1754 549 1794 rex
566 1731 655 1816 apud
670 1731 789 1794 urbem
805 1730 1057 1795 Suessionicam
1078 1730 1284 1794 constitutus
1304 1737 1368 1808 est,
1390 1737 1425 1793 et
1444 1730 1524 1792 Boso

408 1832 510 1897 frater
542 1834 615 1920 ejus
650 1857 707 1896 rex
741 1832 870 1897 Galliae
905 1833 1087 1918 superioris
1116 1855 1201 1920 quae
1239 1832 1379 1896 Comata
1407 1831 1526 1895 dicitur

408 1937 613 2000 constitutus
639 1943 702 2013 est,
728 1935 762 1998 id
792 1943 843 1999 est
878 1935 1092 2020 Burgundiae
1125 1934 1319 2021 superioris,
1354 1929 1408 1998 et⁸
1430 1935 1525 2019 Hugo

407 2037 527 2124 Capito
543 2040 609 2102 dux
632 2037 844 2124 burgundiae
862 2037 1040 2101 inferioris

452 2141 539 2205 Socii
555 2164 634 2204 vero
650 2141 847 2204 defectionis
864 2140 1003 2203 interitu
1019 2139 1155 2203 Roberti
1172 2162 1386 2227 nequaquam
1409 2138 1523 2221 territi,
1575 2181 1578 2187 ,

408 2239 565 2323 perfidiae
593 2262 671 2302 suae
699 2262 766 2301 non
792 2238 968 2301 deseruere
998 2237 1257 2315 contumaciam,
1286 2259 1389 2323 quam
1416 2236 1526 2324 potius

408 2340 594 2404 Herbertus
605 2340 741 2404 infando
754 2340 879 2404 scelere
896 2339 1089 2403 traditionis
1102 2339 1385 2403 dominumsuum
1396 2362 1526 2426 regem-

407 2466 471 2528 que
498 2444 603 2506 totius
635 2443 799 2518 Franciae·
837 2442 997 2506 Carolum
1033 2442 1111 2505 dolo
1146 2449 1284 2528 captum
1314 2441 1527 2528 vinculisque

407 2544 588 2622 irretitum,
628 2546 811 2608 Parronam
840 2544 938 2608 duxit
972 2544 1150 2608 tenebroso
1184 2543 1327 2607 carceris
1356 2543 1526 2607 domicilio

406 2645 659 2710 recludendum.
683 2646 725 2710 Et
752 2646 827 2732 quia
857 2647 952 2732 regni
972 2653 1083 2710 status
1105 2647 1176 2709 sine
1196 2645 1347 2733 principe
1366 2646 1528 2733 agebatur

406 2747 441 2810 in
460 2748 639 2828 incertum,
666 2748 811 2811 maxime
836 2771 914 2811 cum
943 2747 1078 2834 Hugoni
1104 2747 1244 2812 Roberti
1269 2747 1351 2828 filio,
1372 2749 1432 2834 qui
1451 2754 1528 2836 post

405 2850 519 2935 probis
537 2849 669 2913 actibus
688 2850 803 2935 Magni
822 2873 946 2912 nomen
968 2850 1163 2935 promeruit,
1182 2849 1321 2936 puerilis
1346 2849 1527 2914 obsisteret

406 2959 498 3015 aetas
519 2952 701 3038 quominus
717 2951 827 3037 regias
842 2960 1031 3015 assumeret
1046 2951 1171 3015 infulas
1182 2959 1216 3015 et
1232 2949 1390 3016 Herberti
1405 2960 1527 3017 cuncto

406 3063 556 3118 moveret
594 3054 720 3133 odium,
754 3055 900 3117 maxime
932 3077 1017 3139 quos
1048 3054 1270 3117 humanitatis
1298 3062 1456 3140 respectu
1487 3055 1528 3118 ad

407 3157 670 3221 misericordiam
696 3180 855 3220 aerumna
880 3156 1041 3242 principis
1063 3155 1293 3242 permovebat,
1319 3156 1470 3230 tandem,
1491 3163 1529 3221 ut

405 3259 547 3344 praefati
568 3284 698 3340 sumna,
718 3258 884 3321 flodulfus
904 3257 1070 3342 regendae
1088 3258 1279 3344 praeficitur
1298 3259 1473 3339 Franciae,
1496 3267 1529 3323 et

406 3362 453 3424 sic
476 3386 619 3447 regnum
651 3362 855 3425 Francorum
893 3359 935 3423 ad
978 3367 1176 3423 extraneum
1212 3359 1426 3424 transfertur.
1462 3359 1528 3437 Qui

405 3465 548 3551 adeptus
566 3465 661 3551 regni
677 3463 811 3532 solium,
825 3470 858 3526 et
873 3462 907 3524 in
924 3461 1197 3525 malefactoribus
1214 3461 1276 3525 fuit
1288 3463 1527 3526 ultorseverus

406 3567 489 3629 etin
519 3567 712 3629 coercendis
741 3564 896 3628 hostibus
922 3587 1094 3651 regnoque
1122 3565 1245 3627 tuendo
1270 3564 1524 3653 sagacissimus

406 3667 487 3753 Ejus
501 3668 534 3730 in
548 3667 667 3731 diebus
681 3669 853 3730 Danorum
866 3673 899 3729 et
912 3666 1185 3729 Normannorum
1201 3666 1322 3729 iterum
1339 3666 1528 3730 adveniunt

405 3769 601 3853 phalangeS,
625 3775 658 3831 et
671 3791 737 3830 non
755 3768 863 3831 solum
884 3769 1072 3846 Franciam,
1089 3768 1149 3831 sed
1166 3777 1199 3831 et
1210 3775 1315 3832 totam
1332 3791 1527 3853 percurrere

405 3871 648 3952 Burgundiam.
686 3870 810 3934 Contra
845 3893 931 3956 quos
962 3869 1129 3933 llodnlfus
1159 3871 1305 3956 sumptis
1338 3871 1443 3934 armis
1481 3871 1527 3934 ita

404 3978 580 4057 protervos
600 3994 716 4034 eorum
734 3971 942 4057 compescuit
953 3971 1112 4058 impetus,
1126 3979 1163 4036 ut
1176 3995 1282 4059 usquo
1293 3994 1384 4035 nunc
1397 3971 1528 4036 Gallias

405 4074 446 4137 ab
463 4096 578 4136 eorum
598 4073 789 4136 incursione
807 4072 908 4136 faciat
927 4096 1063 4136 manere
1085 4074 1228 4159 quietas,
1255 4074 1349 4136 Tunc
1376 4073 1528 4138 delatum

405 4183 457 4239 est
467 4199 588 4262 corpus
603 4175 710 4238 sancti
728 4175 869 4260 Benigni
887 4176 1045 4261 martyris
1060 4175 1146 4238 infra
1160 4198 1273 4238 muros
1289 4176 1390 4239 castri
1409 4175 1528 4240 Divio-

403 4279 519 4342 nensis
549 4286 582 4341 et
606 4277 653 4340 ibi
677 4284 848 4340 servatum
877 4277 911 4339 in
941 4277 1081 4341 ecclesia
1102 4277 1216 4342 Sancti
1241 4277 1423 4341 Vincentii.
1455 4278 1529 4341 lllis

243 4405 318 4452 Flod.
331 4406 402 4453 nnn.
414 4382 527 4467 itaque
537 4379 636 4443 rebus
649 4380 800 4443 intentus
813 4379 1117 4464 ltodulfuslegatos
1128 4377 1527 4443 habuitLotbariensium

405 4489 488 4567 seet
503 4505 562 4545 sua
579 4481 629 4544 illi
644 4479 873 4544 subdentium.
891 4482 995 4545 Juxta
1011 4481 1200 4544 Mosomum
1214 4503 1294 4565 ergo
1308 4480 1528 4546 obviantibus
1562 4473 1564 4477 ¹
