3800 5642
386 674 450 739 20l
851 695 1040 739 arrnnmens

386 817 601 880 multitudine
622 816 831 880 Ludovicum
847 817 880 879 in
902 817 1134 903 Burgundiam
1149 817 1419 903 proficiscentem
1435 838 1501 901 pro-

384 920 548 1004 sequitur,
570 919 696 982 habens
723 942 835 981 secum
871 918 1063 982 Conradum
1087 918 1223 982 Rodulfr
1246 919 1336 1004 regis
1358 917 1502 982 lucensis

385 1021 505 1099 tilium,
538 1045 637 1107 quem
672 1021 799 1084 dudum
831 1020 909 1084 dolo
941 1029 1078 1107 captum
1114 1044 1228 1084 secum
1267 1019 1448 1098 retinebat,
1477 1027 1505 1083 et

386 1122 560 1186 obsidibus
578 1147 596 1186 a
617 1123 819 1209 quibusdam
839 1123 987 1209 acceptis
1002 1124 1043 1186 ad
1064 1147 1123 1187 sua
1139 1123 1331 1188 revertitur.

429 1227 529 1288 Anno
557 1225 598 1288 ab
623 1226 688 1288 inc.
715 1224 791 1304 9ll,
807 1225 983 1288 Remcnsis
1009 1225 1200 1289 dioeceseos
1218 1224 1371 1311 episcopi
1389 1246 1506 1287 conve-

387 1328 517 1390 nientes
533 1328 621 1413 apud
644 1327 860 1391 Suessionem
880 1328 916 1389 in
933 1328 1074 1391 ecelesia
1094 1327 1296 1391 Sanctorum
1312 1323 1462 1412 Crispini
1480 1333 1508 1390 et

387 1430 590 1514 Crispiniani
611 1437 757 1492 tractant
781 1429 822 1492 de
847 1438 939 1494 statu
962 1429 1141 1493 Remensis
1167 1429 1342 1516 episcopii,
1366 1451 1508 1515 conque-

385 1531 537 1595 rentibus
562 1531 693 1594 clericis
718 1540 818 1617 atquc
842 1531 1012 1595 nobilibus
1034 1532 1129 1594 laicis
1157 1531 1214 1594 diu
1234 1539 1370 1617 pastore
1398 1531 1507 1593 sedem

384 1634 493 1720 ipsam
515 1656 645 1712 vacare,
670 1641 703 1696 et
721 1633 921 1696 definierunt
939 1633 1225 1721 quemadmodum
1242 1633 1411 1697 Artoldus
1427 1632 1509 1718 epis-

384 1759 488 1820 copus
493 1735 678 1821 juraverat,
691 1736 781 1822 quod
797 1759 970 1822 nunquam
988 1736 1028 1798 de
1046 1737 1118 1822 ipso
1134 1736 1333 1821 episcopatu
1350 1758 1386 1798 se
1406 1735 1507 1798 intro-

386 1837 711 1922 mitteret,adipsius
726 1837 1008 1921 gubernationem
1020 1838 1142 1901 reverti
1163 1860 1228 1900 non
1250 1837 1403 1915 deberet,
1422 1844 1456 1901 et
1474 1844 1508 1900 ut

388 1940 499 2026 Hug0,
521 1939 691 2002 Heriberti
721 1939 823 2018 titius,
854 1940 912 2026 qui
944 1941 1037 2026 prius
1066 1939 1107 2003 ad
1137 1940 1248 2025 ipsum
1276 1939 1507 2026 episcopatum

386 2041 494 2104 luerat
515 2041 604 2105 clero
628 2041 819 2128 populoque
837 2051 975 2128 petente
998 2049 1170 2112 evocatus,
1195 2041 1408 2105 ordinaretur
1427 2042 1509 2127 epis-

386 2167 502 2230 copus,
514 2143 557 2206 Et
573 2144 620 2207 sic
640 2145 764 2206 llemos
781 2144 943 2207 adeuntes
959 2144 1108 2230 episcopi
1125 2145 1301 2230 Hugonem
1319 2143 1510 2230 pontificem

386 2245 768 2310 consecrant.Canonici
782 2246 1054 2310 Montislalconis
1077 2246 1295 2333 oppressione
1314 2246 1423 2331 ipsius
1440 2246 1510 2307 Vir-

387 2348 548 2411 dunensis
577 2348 725 2434 episcopi
759 2355 797 2411 ut
828 2349 1024 2412 asserebant
1054 2347 1278 2434 praegravati,
1311 2346 1508 2411 coenobium

388 2473 486 2512 suum
507 2450 678 2529 deserunt,
709 2458 741 2513 et
768 2449 884 2513 Remis
913 2473 1035 2536 corpus
1064 2450 1172 2513 sancti
1205 2449 1351 2513 Baldrici
1378 2449 1510 2536 patroni

388 2552 439 2613 sui
457 2550 623 2614 deferunt.
639 2552 802 2615 Artoldus
817 2551 975 2619 omnibus
994 2552 1134 2638 perditis
1147 2575 1233 2639 quae
1249 2550 1408 2632 habebat,
1426 2551 1511 2615 datis

388 2654 607 2716 sacramentis
638 2655 774 2739 Hugoni
804 2656 962 2740 episcopo
994 2662 1028 2717 et
1054 2653 1246 2732 Heriherto,
1276 2660 1377 2738 prout
1403 2652 1446 2716 ab
1474 2675 1510 2716 eo

387 2755 617 2843 quaesierunt,
651 2756 856 2842 redditisque
893 2756 957 2818 sihi
1000 2755 1145 2820 abbatiis
1177 2755 1292 2819 Sancti
1327 2755 1442 2818 Basoli
1479 2761 1511 2818 et

388 2863 571 2921 Avennaco
586 2881 662 2920 cum
683 2858 762 2920 villa
779 2858 995 2931 Vindonissa,
1021 2881 1138 2945 pacem
1155 2857 1234 2921 fecit
1251 2857 1405 2937 cumeis,
1423 2856 1511 2921 etad

389 2960 551 3024 Sanctum
572 2959 732 3022 Basolum
750 2959 964 3023 habitaturus
984 2960 1131 3023 devenit.

434 3062 511 3124 Non
527 3060 634 3124 multo
646 3068 736 3147 post,
750 3084 837 3125 anno
851 3061 892 3125 ab
908 3062 974 3125 ine.
988 3062 1086 3125 Dom.
1105 3049 1182 3131 942,
1199 3061 1333 3146 legatus
1348 3059 1511 3147 Stephani

389 3186 506 3250 papae,
528 3163 662 3226 nomine
686 3164 864 3242 DamasuS,
890 3164 1070 3250 episcopus
1095 3163 1222 3226 Romae
1247 3163 1289 3226 ad
1313 3162 1400 3226 hanc
1423 3161 1511 3248 lega-

390 3265 517 3328 tionem
549 3265 774 3351 peragendam
802 3266 989 3345 ordinatuS,
1021 3265 1152 3328 litteras
1184 3263 1390 3351 apostolicae
1424 3263 1511 3328 sedis

391 3367 506 3430 attulit
527 3367 736 3453 principibus
761 3368 981 3447 Francorum,
1006 3375 1043 3430 ut
1066 3367 1252 3453 reciperent
1271 3388 1387 3452 regem
1415 3389 1511 3429 suum

391 3469 612 3533 Ludovicum.
631 3469 728 3546 Quod
743 3469 771 3531 si
785 3469 1028 3555 neglexissent,
1043 3475 1076 3532 et
1091 3492 1168 3531 eum
1184 3469 1330 3554 amplius
1345 3467 1512 3572 hostiliter

389 3571 545 3659 persequi
577 3571 776 3652 voluissent,
806 3571 1166 3634 excommunicationis
1194 3569 1433 3634 interminatus
1463 3576 1512 3632 est

389 3675 564 3738 ultionem.
587 3673 704 3759 Legati
736 3673 837 3735 etiam
871 3673 1049 3736 Remensis
1080 3672 1240 3735 ecclesiae
1261 3671 1406 3735 Romam
1419 3669 1512 3734 missi

390 3777 560 3839 redieruut
590 3775 706 3837 eadem
732 3774 927 3855 relerenteS,
958 3782 995 3838 ut
1019 3783 1097 3838 ante
1122 3775 1270 3838 natalem
1294 3772 1433 3836 Domini
1458 3795 1513 3837 rex

389 3877 431 3941 ab
456 3879 504 3940 eis
528 3877 731 3963 reciperetur
758 3877 821 3940 sub
846 3877 1108 3940 comminatione
1134 3875 1374 3954 anathematiS,
1400 3874 1512 3962 quiet

391 3979 530 4067 pallium
553 3979 689 4062 llugoni
716 4003 732 4042 a
756 3978 834 4042 sede
858 3979 1043 4065 apostolica
1077 3977 1282 4042 detulerunt.
1319 3976 1512 4041 Ludovicus

391 4082 495 4166 igitur
521 4080 657 4143 obviam
681 4080 852 4167 profectus
882 4080 1008 4144 Othoni
1035 4081 1117 4166 regi,
1138 4078 1322 4142 amicitiam
1351 4077 1510 4143 firmavit.

392 4183 480 4247 Otho
505 4206 637 4269 quoque
661 4184 840 4269 llugonem
862 4182 1026 4269 Magnum
1044 4182 1115 4267 regi
1138 4179 1306 4245 conciliat.
1331 4181 1404 4245 Hoc
1424 4203 1511 4245 anno

392 4285 535 4348 domnus
549 4284 635 4361 Ode,
657 4284 859 4347 venerabilis
879 4284 1062 4347 multorum
1082 4282 1362 4347 monasteriorum
1383 4289 1512 4346 restau-

392 4397 493 4465 rator,
514 4410 590 4450 cum
618 4386 762 4450 multum
789 4386 975 4449 laborasset
999 4386 1034 4448 in
1058 4385 1292 4472 componenda
1310 4406 1392 4472 pace
1426 4385 1512 4448 inter

392 4490 570 4575 Hugonem
583 4512 696 4574 regem
706 4489 822 4553 ltaliae
833 4487 1067 4551 etAlhericum
1078 4487 1308 4550 Romanorum
1318 4486 1509 4573 patricium,
